2472 5054
14 357 389 456 irritamentum
405 357 502 426 eom.
514 353 714 451 partem.
730 315 962 450 leporariae.
987 357 1077 436 aaa
1104 403 1108 412 ·

59 529 315 598 Wrtemlergcnfia,
332 525 439 598 quibua
453 523 602 596 absoluta,
627 543 645 579 a
658 523 928 582 communicatione
939 524 1064 582 idioma·

53 625 105 670 tum
116 613 293 686 explicanda,
311 612 437 683 probata
450 609 517 664 fuit.
554 609 600 665 Gi.
617 609 749 670 ttenke
762 609 986 680 Kireiangelilt.
1004 611 1062 666 111.

50 721 92 776 537
103 705 123 758 s.
137 703 223 773 54711.
258 701 410 774 Quatenua
426 696 550 752 ecclelia
560 697 731 752 Lutlraraua
742 697 934 768 ubiquitatem
949 705 1001 752 aut
1013 713 1064 752 ra·

49 788 215 859 pulleinii,
233 797 284 842 aut
301 783 471 853 admiserit,
497 783 602 840 docuit
619 784 878 856 Baumgarten
893 782 1063 853 Gdciiclata

48 879 71 932 d.
82 875 382 944 Religionapartitcien.
403 887 470 940 1205
483 871 515 926 li.
572 883 577 900 ·

22 1031 43 1097 l)
61 1028 147 1097 symb.
163 1025 313 1082 Athenas:
345 1024 455 1094 „Sicut
476 1021 576 1078 anima
600 1019 756 1078 rruonalir
781 1029 812 1076 et
835 1038 904 1076 caro
928 1035 1004 1076 aaut
1021 1019 1063 1076 en

43 1109 136 1181 homo,
161 1112 203 1165 ita
219 1113 301 1164 Deua
324 1119 355 1164 at
379 1109 470 1162 homo
489 1123 564 1162 unua
583 1106 623 1159 est
641 1103 814 1160 Chriliua.”
849 1109 950 1160 Forat.
967 1107 1061 1167 Cone.

43 1198 93 1252 Sol.
108 1197 179 1252 decl.
197 1207 253 1251 art.
269 1197 351 1250 Vlll.
371 1181 421 1265 i&
435 1195 468 1247 ff.
494 1193 688 1262 „Doaemuat
715 1189 768 1246 etii
784 1191 863 1247 saliua
880 1193 938 1246 Dei
955 1211 1009 1264 per
1025 1193 1061 1248 sa

42 1283 145 1352 integra
162 1291 191 1336 et
208 1282 343 1336 distincta
362 1280 522 1334 divinitatio
541 1290 683 1333 aeternae
700 1281 828 1350 pe‘rlona
846 1281 900 1347 eli,
926 1280 1077 1351 adeoque·
1187 1276 1189 1290 ¹

39 1386 130 1436 verua,
153 1368 361 1436 substantialia,
385 1367 538 1438 perfectae
551 1367 649 1432 Deua,
669 1383 739 1420 aum
756 1375 844 1440 patre
858 1376 889 1448 et
908 1365 1059 1438 spiritus.

40 1457 70 1508 ab
86 1466 198 1510 aeterno
217 1456 295 1520 suita
327 1455 406 1526 quod
429 1464 529 1508 tamen
554 1455 599 1521 (in
623 1451 809 1524 plenitudiue
829 1451 984 1523 temporie)
1002 1451 1061 1508 ltu-

38 1557 141 1596 manam
157 1553 293 1596 naturam
310 1541 339 1594 in
359 1541 506 1616 unitatem
531 1542 600 1596 luae
623 1541 765 1611 personae
787 1541 968 1610 assumserit,
998 1559 1060 1598 non

38 1626 87 1692 ita,
104 1627 179 1696 quali
191 1626 268 1680 duae
283 1625 343 1680 iam
361 1626 391 1678 iu
407 1624 521 1680 chrisio
540 1625 699 1695 personae,
724 1634 776 1680 aut
794 1623 852 1678 duo
864 1623 1059 1704 Christijiacti

38 1713 96 1780 lint,
113 1712 161 1768 sed
174 1713 249 1784 quod
262 1713 334 1767 Chr.
348 1714 374 1768 1.
389 1713 450 1766 iam
462 1714 492 1764 in
505 1728 564 1765 una
577 1713 706 1781 persona
718 1711 802 1766 simul
814 1720 905 1765 verna
916 1711 951 1764 lit
965 1711 1059 1782 Deua,

37 1798 66 1850 ab
82 1808 195 1851 aeterno
216 1815 252 1851 ex
271 1806 355 1874 patre
373 1798 509 1872 gcpitua,
540 1803 571 1848 et
589 1813 676 1849 verus
694 1796 799 1864 homo,
829 1813 846 1848 e
863 1794 1065 1851 laudetiffima

37 1881 138 1952 virgine
154 1879 252 1934 Maria
271 1891 374 1945 netua;
389 1909 426 1922 -
443 1879 497 1933 'sed
515 1879 557 1933 ita
574 1889 694 1932 naturae
712 1880 809 1934 unitae
827 1881 884 1934 elle
902 1877 1058 1950 sentimus,

35 1977 62 2020 ut
77 1967 133 2021 iem
150 1967 212 2036 post
229 1966 469 2020 incarnationem
484 1965 520 2019 ad
534 1966 686 2036 integram
700 1965 806 2018 Christi
823 1965 981 2036 personam
999 1981 1059 2024 uon

34 2053 109 2106 modo
121 2051 235 2120 divina,
260 2051 311 2106 sed
331 2052 419 2105 etiam
439 2039 561 2106 assumta
578 2052 707 2106 humana
725 2062 832 2106 natura
850 2055 1007 2122 pertineat.
1020 2081 1059 2098 -

33 2140 145 2209 Propter
161 2141 240 2194 hano
259 2139 475 2209 hypostaticam
490 2137 631 2193 unionem
644 2154 702 2190 non
716 2141 794 2196 nude
808 2152 838 2196 et
851 2143 910 2195 sola
925 2142 1059 2201 hnmana

33 2237 139 2293 tratura,
167 2226 253 2283 cuine
273 2224 429 2294 proprium
449 2226 489 2277 eli
507 2223 571 2292 pati
590 2232 620 2278 et
638 2225 736 2292 mori,
766 2242 821 2296 pro
839 2227 934 2280 totins
952 2228 1058 2283 mundi

32 2310 146 2377 peccatis
164 2313 204 2366 eli
227 2313 325 2381 palia;
355 2310 406 2364 sed
423 2309 486 2380 ipse
504 2309 582 2362 filine
600 2310 658 2362 Dei
675 2329 745 2363 vera
763 2313 938 2378 (secundum
956 2323 1058 2368 tamen

31 2407 153 2452 naturam
166 2400 329 2452 humanam
343 2397 526 2463 assumtam),
544 2397 640 2466 pallus
654 2407 765 2450 atvero
779 2407 914 2450 mortuus
929 2399 984 2465 elt3
1004 2399 1069 2466 atti,

32 2483 116 2539 divina
131 2495 237 2540 natura
256 2501 352 2554 neque
371 2483 433 2554 pati
451 2501 547 2554 neque
565 2475 649 2536 mori
661 2485 764 2554 potest.
782 2511 824 2540 -·.
853 2487 1002 2556 pym'Non
1020 2486 1056 2541 in

28 2571 70 2623 sua
84 2581 186 2626 natura
199 2573 282 2625 Deua
302 2571 378 2623 mori
397 2572 498 2641 potest.
534 2571 689 2640 Postquam
707 2581 809 2624 autam
822 2573 903 2624 Deua
919 2573 1055 2627 ethome
1171 2608 1180 2624 e

30 2657 116 2714 unitae
133 2661 173 2714 eli
190 2661 220 2711 in
242 2675 302 2710 une
320 2659 461 2728 persona:
484 2667 568 2712 recte
588 2667 618 2712 et
635 2677 704 2712 vere
722 2657 849 2722 dicitnr:
874 2662 956 2716 Deua
972 2679 1055 2717 mor-

28 2756 85 2800 tnua
102 2744 140 2801 eli
159 2747 232 2814 (Dei
250 2745 355 2816 pallio,
380 2746 440 2800 Dei
457 2745 593 2818 sanguia,
618 2740 676 2798 Dei
694 2750 805 2814 mora),
830 2747 950 2817 qnando
969 2749 1055 2802 vitle-

27 2830 88 2886 licet
111 2833 163 2888 ille
182 2836 275 2887 homo
293 2830 436 2900 moritur,
467 2835 517 2904 qui
534 2850 602 2888 cum
619 2833 684 2886 Deo
706 2849 798 2887 unum
816 2833 973 2904 quiddam,
1001 2835 1055 2890 sed

27 2919 280 2994 unaperlonaelt.
315 2917 377 2990 776.
396 2919 529 2973 Naturae
542 2935 576 2973 eo
592 2909 891 2986 mediterraneae,
917 2929 952 2972 ut
969 2921 1055 2975 nulla
1147 2899 1152 2920 Ι

26 3002 94 3057 lacte
110 3005 145 3058 fit
162 3004 300 3058 confusio
320 3012 372 3056 aut
390 3014 514 3058 naturae
533 3003 620 3056 uniat
638 3002 669 3056 in
688 3003 812 3056 alteram
830 3005 1052 3074 transmutatio,

26 3096 49 3138 et
64 3099 186 3160 utraque
205 3092 271 3146 suaa
288 3089 441 3142 naturales
459 3095 490 3141 at
507 3087 671 3141 essentiales
689 3085 889 3159 proprietate·
910 3089 1053 3144 retineat.

25 3181 74 3241 778.
98 3172 325 3228 Hia'vocahulis
346 3173 448 3240 (realia
466 3172 719 3238 communicatio,
746 3172 868 3226 realiter
888 3174 1053 3227 communi-

24 3260 90 3327 cari)
113 3277 267 3334 nunquam
287 3261 378 3313 ullam
401 3259 550 3329 physicam
569 3257 873 3313 communicationem
892 3260 938 3312 vel
957 3261 1052 3318 ellen-
1134 3326 1138 3339 .

23 3341 113 3400 tielem
130 3345 362 3400 transfulionem
381 3349 450 3414 (qua
470 3353 593 3397 naturae
613 3344 646 3398 in
662 3344 720 3398 luia
739 3345 867 3398 clientiis
889 3349 947 3404 aut‘
959 3350 1052 3401 elsen-

22 3432 132 3487 tialibnc
150 3432 387 3505 proprietatibus
401 3430 686 3498 confunderentur),
702 3429 814 3483 docere
829 3431 981 3501 volumus,
999 3434 1052 3488 sed
1130 3431 1135 3443 ’

21 3519 155 3580 vocabula
171 3521 227 3572 illa
244 3519 355 3574 verbali
372 3516 633 3570 communicationi
650 3517 853 3588 opposuimus,
879 3537 969 3590 quum
983 3519 1052 3590 qui·

19 3593 79 3658 ¹iam
95 3607 263 3678 fingerent,
290 3605 589 3662 communicationem
606 3605 781 3662 idiomatum
800 3605 876 3661 nihil
896 3608 976 3662 aliud
994 3607 1051 3664 niti

19 3690 126 3754 phrasin
146 3702 176 3746 et
194 3691 314 3746 modum
328 3692 473 3761 quendam
490 3691 647 3762 loquendi,
670 3691 700 3746 h.
714 3709 739 3745 e.
756 3707 838 3746 mera
854 3701 969 3748 tantum
984 3711 1050 3748 ver·-

19 3773 66 3844 ha,
83 3777 203 3832 nomina
220 3788 249 3830 at
267 3777 369 3830 titulos
386 3777 488 3830 inanes
503 3778 596 3830 esse.”
633 3775 822 3831 Chemmit.
840 3777 875 3830 de
891 3779 1049 3852 duabuanin
1066 3773 1069 3778 ’

19 3863 125 3918 Christo
141 3864 268 3918 naturis.
294 3867 359 3918 ian.
379 3878 458 3933 ¹57⁰·.
479 3863 649 3935 iterumpt.
675 3862 755 3919 Frci.
772 3865 848 3930 1651.
873 3863 927 3918 sol.
963 3865 1048 3918 Mu·

18 3947 86 4002 lael
104 3949 323 4020 praelectiones
338 3947 371 4002 in
384 3949 482 4003 Potin.
495 3950 530 4004 C.
556 3963 616 4018 255.
641 3950 722 4020 9111.
760 3947 933 4001 Gerhard
952 3949 985 4002 L.
1001 3949 1045 4003 th.

17 4032 63 4086 111.
85 4036 186 4106 46511.
228 4035 486 4104 Baumgarten
506 4033 674 4104 Glauiensl.
697 4035 739 4086 ΙΙ.
764 4041 799 4093 88
816 4033 846 4086 ii.
888 4033 1046 4090 Ernesti

16 4119 142 4190 Dignitae
161 4129 195 4174 et
213 4121 322 4174 veritas
339 4119 561 4174 incarnationis.
588 4119 697 4188 Opusc.
712 4117 806 4171 theol.
825 4131 877 4186 595
891 4117 921 4170 ss.
957 4117 1044 4172 licie·

16 4207 279 4304 caruutliormulaa
295 4209 360 4266 ittae
378 4207 463 4302 [pala
481 4209 568 4280 supra
585 4205 735 4279 proposito
754 4204 930 4278 explicatas,
956 4197 1043 4277 prae·
1075 4274 1077 4282 s
