2468 5058
104 381 151 452 sse
163 380 278 478 isreel.
296 380 414 470 dogm.
423 374 519 492 syjb
536 353 628 448 recle
643 381 889 472 componendo·
968 388 1041 458 116

11 531 167 654 upsoratrmi
186 565 220 624 et
244 550 429 650 cognitum
451 547 582 642 suerit,
614 563 787 667 tanquam
807 551 855 626 alr
870 552 949 656 ipso
963 555 1066 644 Dec,

13 657 140 728 resectum
166 653 263 726 nulla
291 653 329 726 v'i
358 649 518 728 humana
540 653 705 752 opprimi.
726 679 793 736 nec
814 653 944 730 dehere
974 683 1042 732 nec

13 758 58 828 ose
70 754 149 851 (Act.
168 767 200 848 5,
218 752 304 851 38.)
311 784 325 850 1;
352 749 584 826 conscientiae
601 768 720 828 autem
734 751 913 832 humanae
927 757 1040 832 liber-

13 873 44 930 ato
58 859 181 956 turpiter
209 855 353 928 ademta
383 869 445 926 aut
469 856 643 947 coercita,
687 880 760 932 non
782 859 848 932 nist
872 860 1039 936 inertiam

13 975 66 1056 trpo
82 958 268 1041 socordiam
289 955 453 1055 variique
476 957 616 1054 generis
644 957 732 1030 vitia
761 971 797 1032 et
823 961 916 1033 male
944 961 1039 1036 l'acta

16 1061 116 1158 ‚inpigri
162 1065 333 1150 Accedit,
359 1056 457 1156 quod
473 1083 586 1156 neque
603 1055 696 1130 Iesus
711 1058 788 1232 ppse
806 1087 922 1162 neque
936 1063 1038 1162 Apo-

13 1162 58 1229 stoli
72 1161 226 1264 discipulis
257 1175 390 1238 certam
420 1159 601 1258 quandam
629 1185 713 1258 prae
730 1159 926 1260 cripserunt
951 1164 1039 1238 fidei

17 1260 151 1358 profitendae
165 1261 361 1352 formulam
376 1261 480 1332 unice
495 1259 703 1353 tenendam,
728 1262 835 1355 adeo,
861 1281 901 1338 ut
916 1265 1038 1366 potius

16 1359 96 1436 ssorum
107 1367 171 1438 Dei
193 1365 335 1439 cultum
356 1359 527 1434 moialem
551 1360 678 1434 diserte
699 1368 946 1466 praeceperint
963 1365 1035 1464 (lo.

14 1478 66 1551 roo.
80 1477 124 1541 rt.
151 1482 262 1558 a,se.
293 1463 404 1540 acor.
424 1477 458 1554 a,
473 1477 530 1538 rr.
558 1462 636 1536 Get.
654 1473 687 1554 5,
705 1461 759 1562 1.)
781 1479 816 1540 et
837 1467 1039 1546 doctrinm

15 1567 178 1661 apposuerint
200 1570 254 1640 ita
272 1578 531 1665 comparatam,
558 1578 597 1636 ut
612 1565 737 1663 persici
753 1581 788 1638 et
803 1567 906 1668 possit
921 1585 957 1644 et
973 1570 1038 1648 de-
1172 1587 1177 1596 '

14 1681 49 1736 aot
59 1664 95 1763 (s.
109 1669 198 1768 27.)
252 1673 446 1742 Praeterea
463 1667 579 1740 nos‘tra
594 1681 706 1738 aetate
721 1667 795 1742 iam
808 1696 849 1741 co
866 1671 1038 1770 perducta

13 1771 85 1860 eseli,
106 1787 141 1844 ut
154 1771 286 1868 religio
303 1767 500 1842 Cltris'tiana
519 1792 588 1838 non
610 1767 678 1840 nisi
698 1766 788 1844 hene
804 1771 978 1846 distinctis
993 1799 1038 1850 ae

13 1865 122 1964 speratis,
146 1897 238 1971 qnae
255 1870 302 1942 ad
317 1873 469 1942 sormam
487 1869 563 1940 eius
578 1866 775 1962 mythicam
792 1869 845 1970 (1
859 1872 915 1973 9.)
931 1891 1039 1976 atque

12 1962 166 2058 'triplicem
179 1973 221 2072 d)
238 1972 428 2074 pertinent,
445 1969 491 2042 ab
502 1970 559 2060 iis,
575 1991 880 2074 quaererentque
895 1992 1038 2052 aeterna

13 2066 101 2146 scalen
115 2067 281 2159 habenda
296 2072 377 2146 suut
398 2069 647 2164 suntlameutag
680 2075 816 2174 quippe
837 2074 973 2170 mythis
995 2105 1039 2156 ac

13 2163 112 2340 postolis
131 2175 190 2250 hic
213 2177 293 2248 illic
317 2173 495 2264 involuta,
530 2198 621 2246 nora
646 2173 800 2272 quadam
823 2177 902 2254 luce
925 2177 1040 2255 collu-

30 2275 60 2344 ni
74 2291 102 2348 ct
120 2275 328 2350 hominibus
344 2273 555 2350 cultioribus
577 2271 827 2378 subtiliorique
848 2281 981 2356 artium
1001 2295 1039 2358 et

12 2369 124 2452 'terarum
144 2380 348 2478 cognitione
374 2377 523 2450 imbutis
547 2374 664 2450 denuo
688 2379 1040 2484 commendari'pcs-

13 2465 67 2570 st).
112 2485 247 2552 Deinde
273 2493 412 2551 tantum
435 2477 551 2568 abesl,
592 2491 634 2550 ut
655 2479 817 2555 ecclesiae
837 2481 1039 2562 institutum

12 2567 43 2646 ila
58 2581 189 2677 quadam
212 2581 369 2656 formula
394 2578 613 2654 immutabili
637 2578 837 2656 conservari
857 2608 900 2659 ac
922 2589 1040 2660 conti·
1108 2669 1114 2688 Ι

12 2679 48 2748 ai
68 2682 174 2779 possit,
214 2681 316 2786 quod
345 2695 476 2778 temere
510 2680 672 2754 ncrrnulli
703 2683 885 2760 finxerunt
899 2681 967 2786 Ι),
998 2703 1040 2764 ut

11 2795 54 2858 stat
70 2783 220 2860 sententia
244 2783 407 2860 ecclesiae
430 2783 643 2880 antiquioris
667 2779 834 2860 historiae
863 2813 935 2862 nou
960 2813 1039 2864 ma-

11 2875 46 3048 p'p
74 2910 167 2983 quarn
192 2884 377 2960 universae
402 2881 662 2958 Christianismi
684 2879 736 2980 (1.
757 2885 835 2984 ts.)
858 2903 894 2962 et
915 2891 1040 2965 Prote·
1096 2960 1100 2968 .

33 2984 120 3059 oismi
132 2985 182 3086 (§.
201 2988 285 3087 21.)
301 3013 403 3060 verae
420 2985 534 3058 indoli
548 3001 721 3086 repugnet
736 3002 771 3060 et
784 2989 941 3090 Papismi
959 2991 1040 3092 spe*

11 3077 58 3154 tea
68 3088 189 3165 reserat.
242 3089 475 3188 Evangelicae
491 3101 609 3160 autem
622 3087 784 3164 ecclefiae
797 3087 889 3164 saltus
905 3095 1040 3193 optime

11 3190 230 3286 promovebitur,
264 3192 309 3284 fi,
342 3189 389 3263 ad
410 3188 617 3288 exemplum
639 3189 842 3290 primaevae
863 3194 1039 3292 ecclesiae,

11 3279 159 3376 1111111111
172 3307 334 3368 contenta
350 3292 577 3390 dogmatibus
591 3307 626 3365 et
640 3315 743 3364 verae
756 3292 939 3393 religionis
954 3323 1040 3398 pra-

11 3381 73 3460 ticae
90 3389 337 3486 studiosissima,
364 3393 494 3494 probis
517 3408 624 3493 atque
645 3392 882 3492 prudentibus
903 3399 1040 3496 gaude-

11 3471 39 3552 11
52 3487 226 3572 doctoribus
250 3497 420 3594 cultuque
441 3493 603 3591 religioso
627 3508 775 3566 externo
798 3511 834 3570 et
853 3498 1040 3599 simplicis·-

11 3577 58 3657 sttt
79 3609 106 3666 et
127 3601 283 3675 omnium
312 3597 408 3670 illius
439 3594 616 3669 sociorum
648 3593 828 3672 desideriis
855 3598 949 3673 bene
978 3611 1042 3676 dc-
1087 3654 1089 3662 ‚

13 3695 180 3774 annotato.
230 3698 389 3774 Historia
406 3702 553 3793 denique
574 3695 959 3794 religionisdcctrinae
980 3700 1039 3775 lu·

14 3785 113 3868 cdenrer
125 3789 349 3893 demonstrat,
380 3816 459 3874 tum
480 3801 641 3872 doctores
663 3799 757 3890 eius,
790 3826 857 3901 pro
874 3792 1046 3901 ingenio-⁵

13 3903 60 3960 tin
70 3893 239 3976 diversitate
263 3918 298 3976 et
320 3927 387 4006 pro
404 3900 467 3975 sna
482 3924 660 4001 quemque
674 3897 873 3976 sarchorum
888 3905 1038 3998 ratione,

15 4005 98 4097 ttuno
111 4003 290 4105 eodemque
312 4005 495 4104 religionis
514 4002 630 4093 sonte,
662 4002 727 4099 qui
743 4001 891 4101 quidem
910 4017 945 4082 et
964 4003 1044 4106 ipse

15 4079 115 4172 diversos
133 4103 306 4182 doctrinae
321 4121 432 4205 typos
455 4104 613 4180 continet
636 4097 690 4199 (1.
711 4101 812 4200 15),
850 4103 1040 4184 sententias

17 4179 111 4273 stsinde
123 4230 220 4305 quom
239 4209 399 4284 maxime
418 4204 623 4382 contrariap1
633 4203 801 4280 derivasse
815 4203 877 4305 8),
901 4205 973 4303 ita,
998 4221 1041 4292 ul
