2476 5046
217 376 291 448 646
416 373 606 500 ΡανιῙΙῙῙ.
661 323 844 490 oddus!
893 366 1077 470 §.seule

160 529 165 548 ¹
214 545 430 650 primarium
465 545 574 620 huius
595 547 844 622 caerimoniae
878 544 1077 640 symbolum
1102 545 1219 621 corun*

217 648 258 746 (1
278 650 358 722 Cor.
379 664 437 740 11,
457 648 558 746 24.);
601 647 756 748 denique
789 647 1035 723 adhibendum
1057 647 1101 722 est
1125 649 1203 720 distri

215 751 308 824 tioni
330 749 357 822 s.
378 775 508 844 coenae
532 750 671 826 dictum
692 750 840 850 aliquod
861 750 907 824 N.
929 753 999 842 T„
1032 777 1099 850 quo
1118 749 1174 850 ipsa
1190 777 1219 815 a

214 851 463 925 troversiarum
492 851 537 925 de
568 849 627 924 lu's
658 852 767 942 rebus
792 853 879 924 olim
902 854 1110 951 agitatamm
1129 878 1214 922 meur

213 952 357 1054 prorsus
378 953 598 1026 obliteratur.
653 968 687 1028 2.
714 953 853 1026 Deinde
878 980 1089 1056 magnopere
1108 955 1141 1026 in
1157 979 1186 1024 eo
1201 990 1220 1001 =<

213 1053 416 1128 horandum
439 1051 509 1146 est,
549 1070 590 1128 ut
612 1056 651 1128 in
675 1053 752 1128 dies
773 1057 887 1156 magis
912 1058 1095 1158 magisque
1115 1053 1202 1126 illustr.

190 1153 193 1176 '
213 1156 416 1256 rectiusque
438 1154 672 1256 perspiciatur
687 1155 816 1258 coenae
832 1158 859 1230 l'.
880 1179 963 1230 vera
980 1172 1016 1230 et
1031 1157 1208 1258 praecipuas

214 1283 307 1358 quae
329 1259 440 1358 polita
461 1257 510 1338 est
534 1259 573 1329 in
595 1260 768 1332 memoria
789 1257 866 1350 Iesu
880 1257 1014 1332 Christi
1035 1261 1092 1360 pie
1109 1257 1201 1332 recol:

101 1363 105 1372 '
214 1359 254 1432 in
274 1359 518 1434 recordatione
540 1359 724 1434 doctrinae
749 1361 826 1434 eius
851 1375 887 1436 et
912 1363 1040 1442 mortis
1066 1375 1207 1461 proptera

145 1457 148 1466 ’
184 1523 187 1529 ,
213 1457 313 1536 susce
339 1477 396 1534 tae
411 1460 569 1533 vividius
584 1462 794 1554 excitanda,
826 1461 985 1563 itemque
1007 1465 1049 1548 in¹
1064 1461 1216 1562 propollt·

214 1578 271 1637 tae
291 1488 338 1636 as
355 1559 451 1661 leges
469 1559 609 1636 divinas
627 1563 844 1662 exigendae,
869 1563 999 1664 idque,
1026 1564 1119 1664 quod
1132 1589 1212 1634 vena

213 1680 352 1744 rectum
368 1679 403 1736 et
418 1661 550 1737 iustum
566 1667 624 1759 lit,
646 1668 704 1737 vel
719 1692 801 1740 cum
817 1667 911 1740 vitae
925 1667 1085 1766 periculo
1099 1661 1206 1736 delenl

211 1765 375 1864 augendo
398 1780 434 1854 et
456 1766 731 1863 corroborando.
785 1783 820 1842 3.
847 1767 970 1861 Quum
993 1784 1110 1841 autem
1129 1765 1199 1838 necl

198 1869 288 1968 ipse
305 1891 372 1941 nec
387 1867 548 1968 Apostoli
569 1866 615 1941 ad
635 1868 827 1942 scaenam
847 1885 943 1943 recte
964 1868 1203 1943 celebrandam

171 2009 173 2014 ·
212 1984 291 2042 tum
313 1967 459 2069 aliquod
484 1970 613 2068 dogma
631 1965 828 2046 'necessario
853 1970 1072 2054 credendum
1095 1971 1145 2043 rel
1165 1969 1197 2064 lq

212 2069 365 2163 suerint,
400 2069 458 2142 vel
480 2073 745 2171 requisiverint3
786 2087 988 2173 praeterea,
1023 2099 1131 2174 quum
1149 2097 1183 2141 ex
1201 2082 1220 2160 !.3

212 2177 499 2269 Proteflantismi
505 2228 517 2259 ,
544 2174 583 2245 in
596 2173 705 2246 rebus
720 2174 853 2246 divinis
868 2172 1028 2248 humana
1043 2175 1197 2249 auctorita
1218 2189 1220 2234 t

84 2289 86 2297 '
180 2303 188 2318 ·
212 2275 304 2347 mim
323 2276 508 2374 imponere
530 2291 592 2348 aut
614 2291 769 2349 mentem
794 2275 1052 2377 praestringere
1068 2276 1186 2362 (labent,
1217 2329 1218 2332 ,

212 2377 331 2448 nrirrus
347 2376 440 2476 ipse,
467 2377 556 2476 quid
570 2376 743 2478 scriptura
757 2377 783 2450 s.
801 2381 1020 2496 praecipiat,
1046 2379 1205 2478 explorare.

184 2472 189 2484 '
212 2476 303 2576 quid
323 2479 505 2576 religionis
528 2504 569 2551 ac
591 2479 733 2552 virtutis
754 2477 872 2552 olbcia
893 2477 1089 2580 postulent,
1112 2477 1205 2552 intell'.

212 2577 335 2678 poslit;
367 2579 522 2678 denique
540 2580 566 2653 s.
584 2607 712 2658 acerrae
733 2583 867 2656 utilitas
887 2583 1037 2656 moralis
1053 2609 1124 2671 ,non
1142 2605 1193 2651 ex*
1218 2593 1219 2640 t

175 2701 178 2707 ’
239 2703 322 2751 uam
352 2680 493 2754 decreto
524 2679 630 2782 super
660 2681 762 2756 sensu
787 2684 1003 2776 verborum,
1046 2683 1162 2784 quibus
1181 2681 1194 2747 i.

120 2811 159 2882 ,s
212 2707 351 2854 dhritto
376 2770 535 2856 inslituta
557 2781 627 2876 est,
662 2783 813 2884 pendeat
832 2786 895 2884 (1)]
938 2788 1077 2859 nemini
1097 2785 1188 2858 licetl

207 2882 333 2982 [tiaris
348 2899 485 2958 eertum
501 2885 649 2985 aliquod
664 2876 793 2986 ‹logni'a
809 2887 1021 2980 obtrudere,
1043 2885 1100 2960 sod
1114 2885 1198 2987 patin
1216 2931 1218 2938 ι

187 3035 192 3042 ·
211 2999 247 3058 et
261 2984 316 3057 sas
329 2983 381 3060 est
389 3042 401 3079 ,
425 2988 632 3080 varietatem
646 2987 916 3082 sententiarum,
949 2990 1060 3062 modo
1073 3015 1113 3062 ne
1129 2987 1187 3058 linis
1201 3001 1218 3044 't

209 3085 267 3160 ins
281 3083 490 3161 sacramenti
504 3090 648 3161 moralis
668 3087 810 3189 prorsus
829 3105 1055 3190 pervertatur
1068 3105 1124 3164 aut
1135 3086 1188 3160 obl.
1217 3083 1218 3090 '

209 3201 287 3280 tur,
317 3187 357 3260 in
377 3186 447 3262 hac
469 3189 572 3263 causa
595 3191 735 3290 placide
755 3191 941 3292 sedatoque
961 3195 1119 3266 tolerare.
1160 3212 1202 3259 a·

206 3286 338 3362 stremo
360 3303 401 3361 ut
422 3291 483 3363 illa
503 3290 791 3394 Lutlteranorum
812 3319 852 3368 ac
874 3295 1148 3368 Reformatorum
1164 3315 1200 3358 a

194 3387 317 3463 'ciatio
334 3391 558 3489 perficiatur,
589 3394 721 3467 'necesse
743 3395 812 3486 est,
845 3411 886 3468 ut
907 3421 949 3470 ea
972 3422 994 3468 a
1017 3394 1149 3468 sumatis
1165 3397 1217 3459 nrt

209 3490 517 3569 ecclesiasticarum
545 3495 763 3593 praesidibus
793 3497 925 3597 populo
948 3497 1098 3572 studiose
1118 3517 1194 3568 coru·

208 3591 330 3688 detur,
358 3608 395 3664 et
409 3611 628 3694 quantopere
643 3598 700 3668 vel
713 3595 845 3672 Christi
859 3602 1074 3701 praeceptis,
1098 3597 1143 3668 vel
1156 3591 1185 3661 lt

52 3731 56 3748 ι
113 3751 138 3768 ,,
207 3694 330 3767 nitatis
353 3691 481 3770 officiis
504 3689 733 3797 respondeat,
773 3703 920 3774 a'verbi
942 3695 1196 3774 divininitatis

130 3834 132 3838 .
201 3799 430 3890 presbyteriis
453 3798 670 3898 explicetur,
703 3801 754 3872 ita
775 3808 913 3896 tantari,
947 3819 988 3876 ut
1009 3819 1124 3876 eorum
1142 3791 1216 3865 alst

176 3928 178 3937 ⁴
205 3899 356 3990 vitetur,
382 3901 447 3998 qui
462 3901 518 3972 vel
535 3901 779 3976 imbecillitate
801 3905 956 4004 ingenii,
990 3907 1045 3978 vel
1059 3899 1211 3976 aetates·

204 3997 280 4071 stiis
295 4000 445 4100 oppressi
461 4002 619 4088 nondum
637 4019 829 4102 potuerunt
843 3995 888 4078 a'd
904 4007 1082 4080 meliorem
1094 4001 1184 4074 haran
1195 4040 1210 4056 ..

204 4125 287 4173 rum
301 4101 571 4199 intelligentiam
587 4106 735 4179 evolare.
770 4109 950 4182 tCeterum
966 4107 1140 4182 cavendum
1151 4110 1181 4166 a:
1192 4120 1208 4194 a

190 4201 389 4326 'cleliarum
406 4205 618 4302 antistibus,
649 4209 806 4292 neforte
830 4235 877 4284 ex
897 4210 960 4286 illa
981 4212 1141 4307 utriusqut
1182 4225 1207 4245 ’
