2528 5060
499 385 702 481 Praefatio.
784 343 787 354 ·
1096 419 1152 469 vu

38 561 189 629 aadsmi
215 551 373 650 [rstema
401 555 547 636 dicitnr.
610 557 720 635 Haud
749 559 898 662 qnidam
917 561 1153 644 'diffitendum

38 674 107 769 est,
139 679 494 770 aupematuralismi
520 701 665 778 quoque
687 674 858 776 syllema,
891 681 1012 782 qnod,
1046 683 1154 762 unsis-

42 794 82 865 [is
102 789 361 894 theologorum
382 794 623 870 recentiorum
643 795 973 894 emendationibus,
1005 825 1026 876 e
1048 799 1154 878 libris

46 909 257 1004 symbolicis
283 910 441 985 candide
462 911 614 1013 exposui
636 927 671 987 ct
693 913 797 986 cuius
818 913 1006 992 censuram
1026 917 1152 994 mode-

49 1029 159 1124 stam,
193 1031 364 1132 exemplu
394 1029 556 1106 firmatus
586 1025 836 1132 theologormn
865 1033 1151 1131 clarillimomm,

56 1148 206 1250 suscepi,
236 1147 384 1223 biblico
408 1148 641 1224 fundamento
663 1151 814 1226 minime
841 1149 1050 1226 destitutum
1072 1151 1151 1248 elle,

65 1263 241 1364 praesertim
262 1265 294 1338 fi
315 1263 455 1367 lingula
476 1266 655 1368 quaedam
675 1263 877 1344 bibliorum
897 1267 935 1344 ls.
960 1271 1150 1348 enunciata

56 1382 100 1453 ad
121 1383 369 1484 praeiudicata
395 1381 563 1485 dogmata
590 1382 833 1460 constituenda
861 1387 1036 1462 violenter
1063 1413 1150 1463 con-

53 1518 284 1604 tortpeantur.
347 1503 587 1606 Asperitas
617 1502 884 1606 candidumque
917 1504 1148 1608 interpretem

52 1648 115 1693 non
134 1621 263 1722 fugiet,
299 1621 345 1696 in
366 1621 497 1696 iisdem
515 1619 620 1696 libris
635 1618 674 1698 ll
698 1647 772 1697 non
795 1647 905 1697 unam
926 1624 1148 1727 eandemque
1219 1723 1224 1736 ¹

52 1739 171 1815 exstare
197 1739 395 1814 doctrinae
425 1738 644 1836 formulam,
683 1738 850 1842 ipsosque
881 1737 1072 1844 scriptores
1095 1740 1147 1837 ll,

53 1885 116 1934 non
127 1861 271 1934 omnino
288 1856 361 1932 libi
375 1856 593 1955 constantes,
624 1861 702 1934 Deo
718 1860 795 1962 ipso
810 1863 1056 1962 permittente,
1086 1863 1148 1938 di·

65 1973 159 2050 versus
183 1973 388 2079 exposuisse
414 1979 566 2076 τρόπους
591 1983 752 2066 παιδείας
759 2031 771 2067 ,
811 2002 968 2078 quorum
992 1979 1057 2052 alii
1081 2007 1146 2054 nc

72 2093 160 2167 tiones
176 2109 204 2169 et
222 2091 425 2168 sententias
449 2115 537 2165 aevo
561 2086 764 2167 Christiano
784 2090 988 2196 divulgatos
1010 2095 1147 2172 eidem-

56 2211 198 2311 quelan's
209 2214 314 2288 bene
335 2209 622 2288 accommodatas
641 2199 802 2286 raserunt
808 2267 820 2308 ,
845 2209 915 2287 sub
930 2211 1066 2316 quibus
1084 2239 1147 2289 ve-

53 2353 101 2402 rae
126 2330 312 2431 religionis
345 2328 447 2402 ideae
476 2327 660 2402 involutae
691 2328 827 2424 latent,
868 2329 934 2404 alii
960 2331 1146 2432 puriorem

50 2444 358 2549 simplicioremque
385 2447 569 2547 religionis
595 2446 797 2522 docuinam
826 2448 1014 2524 manisello
1035 2447 1170 2554 exhi-¹

49 2564 138 2661 lent,
163 2566 339 2644 omnibus
353 2566 517 2639 omnium
531 2579 735 2667 temporum
754 2563 965 2642 hominibus
985 2566 1144 2668 prolian-

47 2686 138 2780 dam,
179 2687 321 2788 qnippe
343 2711 437 2786 quae
460 2711 544 2758 cum
576 2684 679 2758 sanae
710 2685 860 2760 rationis
884 2683 977 2758 ideis
1006 2686 1143 2787 optime

47 2808 231 2879 conveniat.
294 2804 397 2898 Quae
427 2829 542 2906 quum
571 2805 623 2878 ita
655 2805 746 2899 sint,
784 2818 822 2878 et
853 2799 1011 2905 theologi
1042 2805 1143 2880 omni

48 2939 191 3024 tempure
215 2919 350 3013 stulira
373 2921 413 2994 in
435 2947 479 2994 eo
498 2918 781 3016 elaboraverint,
820 2935 862 2995 nt
883 2919 1040 2995 diversas
1061 2923 1142 2996 illas

48 3039 202 3114 formulas
227 3038 497 3140 qualescunque
528 3039 623 3112 inter
653 3035 690 3112 se
720 3038 974 3135 conciliarent,
1010 3037 1058 3113 ad
1081 3037 1140 3135 sy·

49 3157 137 3232 stema
170 3155 429 3232 sententiarum
460 3157 746 3259 dogmaticamm
776 3157 946 3234 omnibus
979 3163 1140 3235 numeris

54 3275 235 3350 absolutum
258 3273 340 3347 inde
360 3273 635 3371 exstruendum,
668 3303 741 3350 non
754 3275 825 3371 stt,
850 3276 950 3379 quod
971 3277 1139 3378 religioni

49 3393 131 3468 nohis
152 3393 351 3486 ducamus,
383 3419 444 3468 eas
465 3394 540 3468 iam
560 3408 657 3468 recte
678 3393 882 3469 discernere
905 3410 1014 3497 atque
1036 3395 1138 3498 sepa-

48 3533 132 3605 rare,
172 3525 210 3582 et
225 3550 255 3601 ,‚·
283 3509 441 3609 purioris
472 3509 656 3585 docuinae
689 3509 737 3585 ad
769 3508 908 3584 summa
945 3529 1135 3615 praecepta

47 3624 145 3702 ethica
169 3625 461 3740 accommodatae
485 3641 616 3728 typum
639 3626 843 3728 sequentes,
882 3624 1135 3704 sententiarum

1 3751 3 3896 ν
48 3767 84 3816 ex
103 3745 180 3818 aevi
204 3743 408 3818 incultioris
430 3743 639 3818 notionibus
659 3743 934 3846 repetendarum
960 3745 1026 3821 usu
1054 3763 1134 3822 tan-

49 3859 578 4078 leftllllstltsslt
593 3859 1128 4082 uilissimissiii'ii.
1259 3933 1262 3940 ’

49 4094 154 4196 Neque
168 4121 253 4172 vero
268 4093 319 4168 est
340 4095 412 4170 ulla
433 4096 583 4169 rationis
604 4121 626 4169 a
643 4099 720 4170 Deo
739 4097 845 4174 nobis
865 4099 988 4173 infitae
1007 4121 1131 4177 aucto-
1205 4103 1218 4110 ’

50 4215 134 4290 ritate
157 4216 272 4292 maior
299 4215 511 4308 auctoritas,
551 4215 688 4317 quippe
713 4241 827 4316 quum
850 4216 1009 4294 inomni
1033 4224 1127 4296 vitae
