2472 5054
134 390 143 408 ⁸
205 362 261 452 Da
278 337 585 459 flota'domiaum
609 359 840 454 daprweto„
889 456 893 468 Ι
973 373 1062 482 (att

6 573 44 622 rec
61 543 181 632 iustitia
204 545 381 640 admittit,
413 559 456 622 nt
477 545 684 620 innocentes
698 542 747 618 ob
762 543 920 620 alienata
934 551 1063 648 pecca-

6 678 51 722 444
67 652 110 726 ita
118 650 330 752 puniantur,
347 660 397 736 ¹ut
411 647 496 748 ipsis
510 645 686 748 peccandi
700 643 881 722 necessitas
894 648 1062 751 impona-
1221 680 1222 750 j

6 779 37 824 ur
50 747 91 848 ι).
136 756 270 824 Deinde
284 749 362 824 lesu
383 750 492 850 ipsius
508 747 649 822 nullum
664 747 780 824 exstat
794 747 962 845 effatum,
987 777 1062 852 quo
1107 786 1109 796 =
1221 791 1222 820 2

6 855 92 951 logma
111 852 197 938 illud
218 851 425 928 confirmari
445 849 569 952 possit,
602 875 670 926 nec
693 851 886 952 quisquam
907 849 1062 954 scripto-
1192 889 1206 918 s

6 953 96 1028 4444411.
119 949 254 1056 praeter
269 954 421 1028 Paulum
443 949 576 1026 diserte
595 951 694 1026 illius
715 955 933 1028 mentionem
954 955 1061 1050 fecit;
1222 953 1223 998 ³

6 1083 45 1128 mo
63 1053 405 1138 naturaehumanae
433 1053 513 1157 post
540 1049 681 1156 lapsum
703 1055 812 1129 etiam
834 1052 1012 1159 scriptura
1032 1055 1061 1134 f.

6 1185 42 1230 nn
53 1157 153 1230 solum
168 1157 282 1260 ipsam
296 1157 492 1256 imaginem
507 1153 670 1232 divinam
693 1154 802 1254 (Gen.
821 1171 855 1250 9,
873 1173 909 1235 6.
938 1173 956 1236 1
976 1159 1058 1236 Cor.

6 1273 34 1350 tt,
49 1273 77 1332 t.
107 1259 172 1354 lac.
190 1277 224 1354 3,
253 1257 330 1359 9.),
358 1259 420 1332 sed
437 1282 585 1358 magnas
607 1284 753 1360 quoque
776 1257 943 1334 attribuit
963 1263 1060 1336 vires

6 1359 501 1458 alvirtutemcolendnmdruo.
516 1369 574 1454 16,
596 1374 653 1436 17.
683 1375 741 1454 19,
764 1359 856 1438 tals.
882 1361 980 1457 148,
999 1378 1059 1442 82.

6 1461 109 1556 14444,
127 1473 180 1539 44.
205 1473 263 1540 16.
291 1477 408 1557 aaa.
439 1463 551 1539 40444.
569 1471 628 1556 45,
648 1471 708 1538 aa.
736 1462 815 1537 Gal.
832 1472 866 1555 ⁶,
886 1477 943 1541 to.
972 1479 1006 1560 o,
1024 1479 1061 1545 9.

6 1563 59 1662 tph.
77 1581 105 1658 4,
126 1581 180 1642 to.
209 1575 245 1660 4,
264 1573 323 1642 at.
354 1563 428 1638 Col.
449 1579 484 1660 a,
502 1578 536 1640 o.
564 1565 635 1638 Iac.
654 1571 689 1657 4,
710 1577 768 1639 tt.
794 1563 925 1640 ttatth.
943 1575 979 1662 6,
995 1575 1059 1646 ta.

6 1679 34 1756 a,
51 1681 77 1740 e:
103 1683 156 1744 10.
177 1679 245 1761 ⁸25,
265 1674 440 1744 et-rta.
482 1681 499 1742 1
518 1665 611 1742 Pan.
631 1680 665 1759 1,
685 1679 743 1742 aa.
772 1665 854 1740 add.
870 1665 1002 1745 Matth.
1021 1679 1058 1764 4,
1143 1745 1151 1756 ,
1225 1743 1226 1750 .

10 1777 34 1840 t.
65 1783 115 1861 11,
140 1786 198 1847 20.
229 1769 402 1862 114441,
429 1775 486 1844 14.
516 1776 575 1844 16.
609 1767 700 1842 Luc.
720 1780 755 1860 8,
783 1779 961 1846 16-17.
999 1779 1060 1867 10,

6 1879 129 1948 [5-18.
166 1887 223 1964 ta,
243 1881 302 1948 85.
331 1880 399 1966 et,
420 1867 502 1968 47.)
518 1867 572 1972 ⁶),
606 1893 718 1970 quam
734 1895 791 1942 ne,
806 1867 960 1974 ethnicis
975 1875 1061 1974 qui-

6 1972 50 2042 444
73 1973 212 2074 denegat
245 1969 368 2070 (Rom.
392 1989 429 2066 a,
465 1969 568 2070 1'4.);
610 1969 807 2072 eademque
835 1987 984 2074 peccata
1012 1975 1061 2051 ad

7 2069 110 2148 lerum
129 2073 286 2149 hominis
299 2073 502 2150 arbitrium
529 2071 637 2176 plane
667 2073 835 2175 perspicu
881 2101 927 2150 ne
950 2076 1061 2154 refert

9 2173 105 2250 4144444.
124 2193 178 2272 44,
195 2187 244 2255 at
261 2175 299 2252 r.
333 2187 391 2270 15,
413 2192 458 2254 19
477 2173 515 2251 r.
548 2176 620 2251 tac.
638 2190 672 2270 1,
692 2187 872 2258 43-46.
917 2178 1060 2256 etfitios

9 2265 179 2356 eternorum
192 2294 424 2381 peccatorum
437 2301 569 2380 poenas
587 2277 689 2352 luere
702 2292 820 2378 negat.
854 2279 976 2376 (Dent.
996 2289 1059 2378 24,

11 2391 35 2450 a.
54 2381 163 2482 alteg.
183 2390 241 2475 44,
262 2396 297 2457 a.
323 2377 531 2475 Ezech.,1a,
550 2378 633 2480 ao.)
669 2385 851 2478 Postremo
867 2383 1061 2481 experien-

10 2501 25 2548 ,4
35 2478 129 2576 docet,
154 2483 370 2586 cupiditates
384 2482 478 2584 ipsas
489 2507 557 2584 per
569 2481 606 2555 fe
620 2482 733 2556 malas
749 2509 823 2558 non
837 2481 902 2557 esse
916 2484 970 2584 θ),
994 2485 1058 2562 sed

11 2582 45 2652 eri
57 2598 183 2662 tantum
225 2582 483 2660 ravahominia
497 2582 679 2659 voluntate
695 2583 751 2684 t),
783 2611 901 2686 neque
921 2589 1058 2665 vitiosi-

10 2693 67 2757 tem
78 2713 150 2760 eam
163 2614 242 2785 esse,
258 2701 298 2762 ut
311 2684 450 2790 semper
463 2702 499 2762 et
511 2686 650 2788 ubique
661 2684 828 2762 homines
841 2689 1057 2788 qualescun-

11 2787 87 2860 uein
112 2789 257 2893 pessima
281 2799 443 2890 quaeque
470 2787 657 2886 serantur.¹
702 2789 779 2864 Nee
810 2790 931 2864 nunus
959 2807 1058 2870 recta

10 2906 163 2966 tonuerunt
180 2890 351 2994 quidam,
381 2891 497 2966 fontes
519 2890 756 2992 perversitatis
770 2891 811 2964 in
826 2891 973 2992 lingulis
986 2893 1057 2969 ho-

10 2985 109 3066 nitus
126 2994 354 3094 conspicuae,
385 3017 479 3094 quae
502 2989 650 3093 quidem
665 2989 739 3066 illis
757 2992 860 3095 ipsis,
892 3019 960 3094 pro
974 3021 1057 3072 mo-

9 3085 50 3160 alo
75 3091 281 3170 facultatum
314 3110 350 3168 et
381 3095 691 3197 opportunitatum
723 3091 771 3168 ad
799 3092 1058 3196 perfectionem

10 3197 160 3292 mergendi
174 3198 373 3297 unicuique
399 3221 422 3271 a
443 3199 519 3270 Deo
548 3193 804 3290 concessarum,
845 3200 946 3294 omni
971 3201 1053 3278 lure

10 3311 148 3388 aputatur
163 3293 272 3397 (Luc.
296 3314 354 3393 ta,
372 3307 432 3374 47.
458 3299 529 3374 Iac.
549 3308 584 3391 4,
606 3296 708 3397 tr),
740 3299 927 3400 propiores
941 3301 1057 3380 adesse

10 3413 143 3473 tratura
167 3398 328 3475 hominis
348 3405 467 3496 finito
493 3399 723 3500 maximeque
750 3399 793 3472 iu
816 3399 991 3478 sentiendi
1017 3422 1055 3484 et
1099 3476 1104 3488 .
1182 3437 1192 3452 ¹

10 3499 171 3593 reginandi
185 3487 353 3576 facultate
375 3517 429 3578 tot
447 3500 630 3580 erroribus
652 3501 812 3576 obnoxia
827 3505 924 3582 etin
943 3506 1053 3607 ipsius
1078 3513 1083 3526 '

11 3595 101 3682 ationis
131 3631 202 3680 non
232 3605 317 3678 l'atis
355 3605 521 3682 excultae
550 3603 734 3678 debilitate
766 3620 873 3705 atque
901 3608 1051 3704 inertia,

11 3719 111 3800 enque
123 3707 160 3780 in
173 3720 404 3782 externarum
423 3731 545 3783 rerum
561 3705 783 3801 conditione,
815 3707 1050 3808 educationis,

11 3805 205 3903 templorum,
229 3807 505 3903 consuetudinis,
529 3807 625 3882 vitae
642 3809 760 3883 civilia
775 3809 814 3881 vi
827 3811 980 3910 reperiri
990 3805 1064 3908 s),

13 3921 45 3970 110
58 3907 250 4009 diligentius
265 3925 385 3986 autem
399 3914 439 3986 in
461 3920 502 3984 eo
519 3909 765 4004 elaborarunt,
794 3935 889 4010 quae
911 3913 1050 3991 nostrae

12 4007 82 4079 tatis
95 4009 166 4086 laus
192 4011 557 4115 estpraeclarislima,
582 4028 642 4107 ut,
669 4037 903 4114 quaecunque
917 4015 1053 4094 firermt

13 4117 74 4178 atae
87 4116 227 4192 rationis
241 4115 456 4192 excolendae
469 4114 726 4216 impedimenta
737 4113 950 4217 semitaeque
961 4143 1049 4221 pec-

13 4215 130 4315 torum,
152 4244 259 4322 quam
272 4221 433 4304 maxima
446 4220 814 4402 annuerepturatque
828 4215 1055 4320 tolloe'eutar,
1192 4241 1195 4249 ¹

641 4331 711 4400 aa
795 4349 798 4370 ¹
937 4337 939 4344 '
1020 4357 1021 4360 ¹
1103 4331 1109 4338 '

398 4449 414 4478 U

336 4555 373 4620 ta
