<?xml version="1.0" encoding="UTF-8"?>
<!DOCTYPE html PUBLIC "-//W3C//DTD XHTML 1.0 Transitional//EN"
    "http://www.w3.org/TR/xhtml1/DTD/xhtml1-transitional.dtd">
<html xmlns="http://www.w3.org/1999/xhtml" xml:lang="en" lang="en">
 <head>
  <title>
</title>
<meta http-equiv="Content-Type" content="text/html;charset=utf-8" />
  <meta name='ocr-system' content='tesseract 3.04.00' />
  <meta name='ocr-capabilities' content='ocr_page ocr_carea ocr_par ocr_line ocrx_word'/>
</head>
<body>
  <div class='ocr_page' id='page_1' title='image "./institutionesth01wegsgoog_0069.png"; bbox 0 0 2528 5060; ppageno 0'>
   <div class='ocr_carea' id='block_1_1' title="bbox 108 287 1090 472">
    <p class='ocr_par' dir='ltr' id='par_1_1' title="bbox 108 287 1090 472">
     <span class='ocr_line' id='line_1_1' title="bbox 108 287 1090 472; baseline -0.001 -45"><span class='ocrx_word' id='word_1_1' title='bbox 108 429 110 433; x_wconf 13' lang='grc' dir='ltr'><em>Α</em></span> <span class='ocrx_word' id='word_1_2' title='bbox 192 319 250 435; x_wconf 60' lang='lat' dir='ltr'><strong>esti</strong></span> <span class='ocrx_word' id='word_1_3' title='bbox 414 287 704 446; x_wconf 33' lang='lat' dir='ltr'><strong>Frangentem,</strong></span> <span class='ocrx_word' id='word_1_4' title='bbox 732 325 850 448; x_wconf 56' lang='lat' dir='ltr'><strong>Gallus</strong></span> <span class='ocrx_word' id='word_1_5' title='bbox 873 355 905 426; x_wconf 85' lang='lat' dir='ltr'><strong>l·</strong></span> <span class='ocrx_word' id='word_1_6' title='bbox 955 346 990 450; x_wconf 81' lang='lat'><strong>§.</strong></span> <span class='ocrx_word' id='word_1_7' title='bbox 1019 365 1090 472; x_wconf 62' lang='lat' dir='ltr'><strong>ll„</strong></span> 
     </span>
    </p>
   </div>
   <div class='ocr_carea' id='block_1_2' title="bbox 197 519 1241 619">
    <p class='ocr_par' dir='ltr' id='par_1_2' title="bbox 197 519 1241 619">
     <span class='ocr_line' id='line_1_2' title="bbox 197 519 1241 619; baseline 0.002 -21"><span class='ocrx_word' id='word_1_8' title='bbox 197 519 388 617; x_wconf 57' lang='lat' dir='ltr'><strong>nisenam</strong></span> <span class='ocrx_word' id='word_1_9' title='bbox 420 524 652 600; x_wconf 81' lang='lat' dir='ltr'><strong>unice-fidem</strong></span> <span class='ocrx_word' id='word_1_10' title='bbox 675 521 834 598; x_wconf 87' lang='lat' dir='ltr'><strong>habendi</strong></span> <span class='ocrx_word' id='word_1_11' title='bbox 852 540 907 619; x_wconf 87' lang='lat' dir='ltr'><strong>et,</strong></span> <span class='ocrx_word' id='word_1_12' title='bbox 933 523 1071 602; x_wconf 70' lang='lat' dir='ltr'><strong>statum</strong></span> <span class='ocrx_word' id='word_1_13' title='bbox 1087 527 1241 602; x_wconf 83' lang='lat' dir='ltr'><strong>ration</strong></span> 
     </span>
    </p>
   </div>
   <div class='ocr_carea' id='block_1_3' title="bbox 7 617 1226 729">
    <p class='ocr_par' dir='ltr' id='par_1_3' title="bbox 7 617 1226 729">
     <span class='ocr_line' id='line_1_3' title="bbox 7 617 1226 729; baseline 0.001 -30"><span class='ocrx_word' id='word_1_14' title='bbox 7 705 13 712; x_wconf 67' lang='grc'>,</span> <span class='ocrx_word' id='word_1_15' title='bbox 128 656 134 666; x_wconf 66' lang='grc'><em>“</em></span> <span class='ocrx_word' id='word_1_16' title='bbox 195 617 361 699; x_wconf 76' lang='lat' dir='ltr'><strong>ctoritate</strong></span> <span class='ocrx_word' id='word_1_17' title='bbox 382 617 581 720; x_wconf 83' lang='lat' dir='ltr'><strong>vindicata,</strong></span> <span class='ocrx_word' id='word_1_18' title='bbox 613 626 840 710; x_wconf 71' lang='lat' dir='ltr'><strong>revelationis</strong></span> <span class='ocrx_word' id='word_1_19' title='bbox 863 628 1226 729; x_wconf 76' lang='lat' dir='ltr'><strong>cuiusque¹opiirata</strong></span> 
     </span>
    </p>
   </div>
   <div class='ocr_carea' id='block_1_4' title="bbox 194 727 1251 1216">
    <p class='ocr_par' dir='ltr' id='par_1_4' title="bbox 194 727 1251 1216">
     <span class='ocr_line' id='line_1_4' title="bbox 198 727 1251 829; baseline 0.005 -32"><span class='ocrx_word' id='word_1_20' title='bbox 198 727 437 828; x_wconf 89' lang='lat' dir='ltr'><strong>pernaturalis</strong></span> <span class='ocrx_word' id='word_1_21' title='bbox 452 743 719 826; x_wconf 80' lang='lat' dir='ltr'><strong>argumentum,</strong></span> <span class='ocrx_word' id='word_1_22' title='bbox 754 754 827 801; x_wconf 90' lang='lat' dir='ltr'><strong>non</strong></span> <span class='ocrx_word' id='word_1_23' title='bbox 850 730 915 807; x_wconf 87' lang='lat' dir='ltr'><strong>nili</strong></span> <span class='ocrx_word' id='word_1_24' title='bbox 935 729 982 802; x_wconf 89' lang='lat' dir='ltr'><strong>ad</strong></span> <span class='ocrx_word' id='word_1_25' title='bbox 1001 730 1098 829; x_wconf 86' lang='lat' dir='ltr'><strong>leges</strong></span> <span class='ocrx_word' id='word_1_26' title='bbox 1117 733 1251 829; x_wconf 84' lang='lat' dir='ltr'><strong>cogit</strong></span> 
     </span>
     <span class='ocr_line' id='line_1_5' title="bbox 199 826 1226 931; baseline 0.005 -32"><span class='ocrx_word' id='word_1_27' title='bbox 199 829 398 926; x_wconf 77' lang='lat' dir='ltr'>agendique</span> <span class='ocrx_word' id='word_1_28' title='bbox 413 827 554 902; x_wconf 79' lang='lat' dir='ltr'><strong>honrini</strong></span> <span class='ocrx_word' id='word_1_29' title='bbox 570 826 676 902; x_wconf 87' lang='lat' dir='ltr'><strong>aDeo</strong></span> <span class='ocrx_word' id='word_1_30' title='bbox 690 830 808 902; x_wconf 88' lang='lat' dir='ltr'><strong>inlitas</strong></span> <span class='ocrx_word' id='word_1_31' title='bbox 818 840 993 927; x_wconf 76' lang='lat' dir='ltr'><strong>&#39;exactum</strong></span> <span class='ocrx_word' id='word_1_32' title='bbox 1009 831 1226 931; x_wconf 82' lang='lat' dir='ltr'><strong>probandi.</strong></span> 
     </span>
     <span class='ocr_line' id='line_1_6' title="bbox 197 925 1226 1036; baseline 0.005 -35"><span class='ocrx_word' id='word_1_33' title='bbox 197 929 287 1004; x_wconf 85' lang='lat' dir='ltr'><strong>titur</strong></span> <span class='ocrx_word' id='word_1_34' title='bbox 301 954 343 1001; x_wconf 91' lang='lat' dir='ltr'><strong>ea</strong></span> <span class='ocrx_word' id='word_1_35' title='bbox 360 929 533 1030; x_wconf 83' lang='lat' dir='ltr'><strong>persualio</strong></span> <span class='ocrx_word' id='word_1_36' title='bbox 548 929 607 1004; x_wconf 86' lang='lat' dir='ltr'><strong>his</strong></span> <span class='ocrx_word' id='word_1_37' title='bbox 622 925 842 1032; x_wconf 84' lang='lat' dir='ltr'><strong>petillimam</strong></span> <span class='ocrx_word' id='word_1_38' title='bbox 854 931 1054 1006; x_wconf 83' lang='lat' dir='ltr'><strong>rationibus</strong></span> <span class='ocrx_word' id='word_1_39' title='bbox 1061 933 1077 1026; x_wconf 86' lang='lat'><strong>,&#39;</strong></span> <span class='ocrx_word' id='word_1_40' title='bbox 1105 955 1226 1036; x_wconf 86' lang='lat' dir='ltr'><strong>quae</strong></span> 
     </span>
     <span class='ocr_line' id='line_1_7' title="bbox 194 1019 1242 1134; baseline 0 -28"><span class='ocrx_word' id='word_1_41' title='bbox 194 1019 266 1106; x_wconf 57' lang='lat' dir='ltr'><strong>&#39;tim</strong></span> <span class='ocrx_word' id='word_1_42' title='bbox 282 1057 330 1128; x_wconf 80' lang='lat' dir='ltr'><strong>ex</strong></span> <span class='ocrx_word' id='word_1_43' title='bbox 347 1029 421 1131; x_wconf 86' lang='lat' dir='ltr'><strong>ipsa</strong></span> <span class='ocrx_word' id='word_1_44' title='bbox 438 1024 614 1106; x_wconf 77' lang='lat' dir='ltr'>humanae</span> <span class='ocrx_word' id='word_1_45' title='bbox 628 1031 759 1128; x_wconf 79' lang='lat' dir='ltr'><strong>mentis,</strong></span> <span class='ocrx_word' id='word_1_46' title='bbox 775 1047 922 1126; x_wconf 88' lang='lat' dir='ltr'><strong>natura,</strong></span> <span class='ocrx_word' id='word_1_47' title='bbox 954 1035 1087 1134; x_wconf 89' lang='lat' dir='ltr'><strong>partim</strong></span> <span class='ocrx_word' id='word_1_48' title='bbox 1102 1061 1158 1108; x_wconf 78' lang='lat' dir='ltr'><strong>ex</strong></span> <span class='ocrx_word' id='word_1_49' title='bbox 1179 1037 1242 1107; x_wconf 85' lang='lat' dir='ltr'><strong>su</strong></span> 
     </span>
     <span class='ocr_line' id='line_1_8' title="bbox 197 1133 1250 1216; baseline 0.001 -11"><span class='ocrx_word' id='word_1_50' title='bbox 197 1133 357 1208; x_wconf 81' lang='lat' dir='ltr'><strong>numinis</strong></span> <span class='ocrx_word' id='word_1_51' title='bbox 390 1133 478 1204; x_wconf 83' lang='lat' dir='ltr'><strong>idea.</strong></span> <span class='ocrx_word' id='word_1_52' title='bbox 502 1149 598 1208; x_wconf 90' lang='lat' dir='ltr'><strong>recte</strong></span> <span class='ocrx_word' id='word_1_53' title='bbox 630 1133 865 1212; x_wconf 80' lang='lat' dir='ltr'><strong>informanda</strong></span> <span class='ocrx_word' id='word_1_54' title='bbox 881 1135 1071 1216; x_wconf 81' lang='lat' dir='ltr'><strong>(locuntur.</strong></span> <span class='ocrx_word' id='word_1_55' title='bbox 1130 1144 1250 1214; x_wconf 55' lang='lat' dir='ltr'><strong>,Prii</strong></span> 
     </span>
    </p>
   </div>
   <div class='ocr_carea' id='block_1_5' title="bbox 77 1234 1238 1339">
    <p class='ocr_par' dir='ltr' id='par_1_5' title="bbox 77 1234 1238 1339">
     <span class='ocr_line' id='line_1_9' title="bbox 77 1234 1238 1339; baseline 0.007 -34"><span class='ocrx_word' id='word_1_56' title='bbox 77 1255 81 1264; x_wconf 87' lang='grc'>·</span> <span class='ocrx_word' id='word_1_57' title='bbox 198 1234 501 1334; x_wconf 81' lang='lat' dir='ltr'><strong>quemadmodum</strong></span> <span class='ocrx_word' id='word_1_58' title='bbox 518 1236 636 1308; x_wconf 91' lang='lat' dir='ltr'><strong>omnia</strong></span> <span class='ocrx_word' id='word_1_59' title='bbox 658 1235 729 1308; x_wconf 88' lang='lat' dir='ltr'><strong>alia</strong></span> <span class='ocrx_word' id='word_1_60' title='bbox 752 1236 947 1308; x_wconf 78' lang='lat' dir='ltr'><strong>animantia</strong></span> <span class='ocrx_word' id='word_1_61' title='bbox 968 1237 1015 1310; x_wconf 84' lang='lat' dir='ltr'><strong>iis</strong></span> <span class='ocrx_word' id='word_1_62' title='bbox 1035 1237 1189 1312; x_wconf 68' lang='lat' dir='ltr'><strong>virilius</strong></span> <span class='ocrx_word' id='word_1_63' title='bbox 1223 1269 1238 1339; x_wconf 70' lang='lat'>1</span> 
     </span>
    </p>
   </div>
   <div class='ocr_carea' id='block_1_6' title="bbox 145 1331 1248 1540">
    <p class='ocr_par' dir='ltr' id='par_1_6' title="bbox 145 1331 1248 1540">
     <span class='ocr_line' id='line_1_10' title="bbox 145 1331 1248 1441; baseline 0.005 -35"><span class='ocrx_word' id='word_1_64' title='bbox 145 1423 146 1426; x_wconf 8' lang='grc' dir='ltr'><strong>Ἴ</strong></span> <span class='ocrx_word' id='word_1_65' title='bbox 196 1335 271 1407; x_wconf 87' lang='lat' dir='ltr'><strong>dita</strong></span> <span class='ocrx_word' id='word_1_66' title='bbox 298 1335 397 1427; x_wconf 84' lang='lat' dir='ltr'><strong>sunt,</strong></span> <span class='ocrx_word' id='word_1_67' title='bbox 432 1331 563 1436; x_wconf 79' lang='lat' dir='ltr'><strong>quib&#39;us</strong></span> <span class='ocrx_word' id='word_1_68' title='bbox 586 1351 733 1411; x_wconf 85' lang='lat' dir='ltr'><strong>naturae</strong></span> <span class='ocrx_word' id='word_1_69' title='bbox 755 1335 948 1410; x_wconf 68' lang='lat' dir='ltr'><strong>lunenses</strong></span> <span class='ocrx_word' id='word_1_70' title='bbox 971 1337 1135 1411; x_wconf 85' lang='lat' dir='ltr'><strong>obtinere</strong></span> <span class='ocrx_word' id='word_1_71' title='bbox 1163 1347 1248 1441; x_wconf 82' lang='lat' dir='ltr'><strong>pol</strong></span> 
     </span>
     <span class='ocr_line' id='line_1_11' title="bbox 196 1435 1247 1540; baseline 0.005 -32"><span class='ocrx_word' id='word_1_72' title='bbox 196 1437 249 1508; x_wconf 90' lang='lat' dir='ltr'><strong>ita</strong></span> <span class='ocrx_word' id='word_1_73' title='bbox 264 1436 334 1510; x_wconf 80' lang='lat' dir='ltr'><strong>sure</strong></span> <span class='ocrx_word' id='word_1_74' title='bbox 352 1435 462 1524; x_wconf 59' lang='lat' dir='ltr'><strong>&#39;dultia</strong></span> <span class='ocrx_word' id='word_1_75' title='bbox 472 1494 482 1530; x_wconf 93' lang='lat'>‚</span> <span class='ocrx_word' id='word_1_76' title='bbox 508 1439 664 1532; x_wconf 80' lang='lat' dir='ltr'><strong>ratione,</strong></span> <span class='ocrx_word' id='word_1_77' title='bbox 692 1463 764 1538; x_wconf 89' lang='lat' dir='ltr'><strong>qua</strong></span> <span class='ocrx_word' id='word_1_78' title='bbox 778 1437 850 1532; x_wconf 83' lang='lat' dir='ltr'><strong>sola</strong></span> <span class='ocrx_word' id='word_1_79' title='bbox 864 1438 1002 1540; x_wconf 88' lang='lat' dir='ltr'><strong>reliqua</strong></span> <span class='ocrx_word' id='word_1_80' title='bbox 1026 1441 1247 1516; x_wconf 82' lang='lat' dir='ltr'><strong>animantia</strong></span> 
     </span>
    </p>
   </div>
   <div class='ocr_carea' id='block_1_7' title="bbox 7 1525 1253 1750">
    <p class='ocr_par' dir='ltr' id='par_1_7' title="bbox 7 1525 1253 1750">
     <span class='ocr_line' id='line_1_12' title="bbox 76 1525 1253 1638; baseline 0.005 -28"><span class='ocrx_word' id='word_1_81' title='bbox 76 1553 82 1567; x_wconf 91' lang='grc'><strong>’</strong></span> <span class='ocrx_word' id='word_1_82' title='bbox 151 1525 156 1610; x_wconf 47' lang='lat' dir='ltr'><strong>l</strong></span> <span class='ocrx_word' id='word_1_83' title='bbox 196 1551 343 1638; x_wconf 80' lang='lat' dir='ltr'><strong>perant,</strong></span> <span class='ocrx_word' id='word_1_84' title='bbox 381 1533 590 1612; x_wconf 88' lang='lat' dir='ltr'><strong>hominibus</strong></span> <span class='ocrx_word' id='word_1_85' title='bbox 615 1539 803 1632; x_wconf 58' lang='lat' dir='ltr'><strong>concessa,</strong></span> <span class='ocrx_word' id='word_1_86' title='bbox 823 1539 973 1614; x_wconf 82' lang='lat' dir='ltr'><strong>facultas</strong></span> <span class='ocrx_word' id='word_1_87' title='bbox 995 1540 1077 1620; x_wconf 88' lang='lat' dir='ltr'><strong>data</strong></span> <span class='ocrx_word' id='word_1_88' title='bbox 1102 1541 1183 1638; x_wconf 79' lang='lat' dir='ltr'><strong>est&#39;,</strong></span> <span class='ocrx_word' id='word_1_89' title='bbox 1231 1575 1253 1616; x_wconf 74' lang='lat' dir='ltr'><strong>i.</strong></span> 
     </span>
     <span class='ocr_line' id='line_1_13' title="bbox 7 1637 1241 1750; baseline 0.005 -38"><span class='ocrx_word' id='word_1_90' title='bbox 7 1725 8 1736; x_wconf 9' lang='grc' dir='ltr'>χ</span> <span class='ocrx_word' id='word_1_91' title='bbox 119 1707 123 1712; x_wconf 92' lang='grc'>.</span> <span class='ocrx_word' id='word_1_92' title='bbox 198 1639 245 1711; x_wconf 84' lang='lat' dir='ltr'><strong>ad</strong></span> <span class='ocrx_word' id='word_1_93' title='bbox 267 1637 422 1712; x_wconf 88' lang='lat' dir='ltr'><strong>summos</strong></span> <span class='ocrx_word' id='word_1_94' title='bbox 445 1642 583 1750; x_wconf 84' lang='lat' dir='ltr'><strong>generis</strong></span> <span class='ocrx_word' id='word_1_95' title='bbox 605 1637 757 1721; x_wconf 90' lang='lat' dir='ltr'><strong>humani</strong></span> <span class='ocrx_word' id='word_1_96' title='bbox 782 1641 869 1719; x_wconf 76' lang='lat' dir='ltr'><strong>filnes</strong></span> <span class='ocrx_word' id='word_1_97' title='bbox 892 1641 1125 1736; x_wconf 81' lang='lat' dir='ltr'><strong>obtinendos,</strong></span> <span class='ocrx_word' id='word_1_98' title='bbox 1173 1645 1241 1720; x_wconf 89' lang='lat' dir='ltr'><strong>sci</strong></span> 
     </span>
    </p>
   </div>
   <div class='ocr_carea' id='block_1_8' title="bbox 106 1737 1254 2454">
    <p class='ocr_par' dir='ltr' id='par_1_8' title="bbox 106 1737 1254 2454">
     <span class='ocr_line' id='line_1_14' title="bbox 179 1737 1249 1847; baseline 0.004 -33"><span class='ocrx_word' id='word_1_99' title='bbox 179 1739 245 1814; x_wconf 58' lang='lat' dir='ltr'><strong>⁴ad</strong></span> <span class='ocrx_word' id='word_1_100' title='bbox 262 1737 380 1817; x_wconf 87' lang='lat' dir='ltr'><strong>officia</strong></span> <span class='ocrx_word' id='word_1_101' title='bbox 402 1742 534 1836; x_wconf 84' lang='lat' dir='ltr'><strong>tuenda</strong></span> <span class='ocrx_word' id='word_1_102' title='bbox 559 1757 594 1814; x_wconf 88' lang='lat' dir='ltr'><strong>et</strong></span> <span class='ocrx_word' id='word_1_103' title='bbox 617 1741 663 1822; x_wconf 85' lang='lat' dir='ltr'><strong>ad</strong></span> <span class='ocrx_word' id='word_1_104' title='bbox 687 1741 898 1840; x_wconf 86' lang='lat' dir='ltr'><strong>religionem</strong></span> <span class='ocrx_word' id='word_1_105' title='bbox 911 1743 1107 1818; x_wconf 45' lang='lat' dir='ltr'><strong>(colendam</strong></span> <span class='ocrx_word' id='word_1_106' title='bbox 1127 1744 1249 1847; x_wconf 80' lang='lat' dir='ltr'>spect</span> 
     </span>
     <span class='ocr_line' id='line_1_15' title="bbox 149 1841 1254 1942; baseline 0.005 -26"><span class='ocrx_word' id='word_1_107' title='bbox 149 1895 152 1906; x_wconf 79' lang='lat'>·</span> <span class='ocrx_word' id='word_1_108' title='bbox 196 1841 421 1942; x_wconf 85' lang='lat' dir='ltr'><strong>intelligendi</strong></span> <span class='ocrx_word' id='word_1_109' title='bbox 444 1859 479 1916; x_wconf 91' lang='lat' dir='ltr'><strong>et</strong></span> <span class='ocrx_word' id='word_1_110' title='bbox 503 1843 715 1918; x_wconf 82' lang='lat' dir='ltr'><strong>observandi</strong></span> <span class='ocrx_word' id='word_1_111' title='bbox 729 1843 787 1942; x_wconf 52' lang='grc' dir='ltr'><strong>α).</strong></span> <span class='ocrx_word' id='word_1_112' title='bbox 844 1849 984 1918; x_wconf 69' lang='lat' dir='ltr'><strong>Deinde</strong></span> <span class='ocrx_word' id='word_1_113' title='bbox 1008 1843 1117 1920; x_wconf 88' lang='lat' dir='ltr'><strong>homo</strong></span> <span class='ocrx_word' id='word_1_114' title='bbox 1140 1852 1254 1920; x_wconf 87' lang='lat' dir='ltr'><strong>limu</strong></span> 
     </span>
     <span class='ocr_line' id='line_1_16' title="bbox 196 1943 1244 2043; baseline 0.009 -29"><span class='ocrx_word' id='word_1_115' title='bbox 196 1969 267 2042; x_wconf 88' lang='lat' dir='ltr'><strong>que</strong></span> <span class='ocrx_word' id='word_1_116' title='bbox 285 1970 325 2016; x_wconf 86' lang='lat' dir='ltr'><strong>eo</strong></span> <span class='ocrx_word' id='word_1_117' title='bbox 341 1945 522 2043; x_wconf 83' lang='lat' dir='ltr'><strong>pervenit,</strong></span> <span class='ocrx_word' id='word_1_118' title='bbox 555 1957 597 2018; x_wconf 88' lang='lat' dir='ltr'><strong>ut</strong></span> <span class='ocrx_word' id='word_1_119' title='bbox 616 1945 765 2038; x_wconf 77' lang='lat' dir='ltr'><strong>rationis</strong></span> <span class='ocrx_word' id='word_1_120' title='bbox 787 1961 823 2019; x_wconf 84' lang='lat' dir='ltr'><strong>et</strong></span> <span class='ocrx_word' id='word_1_121' title='bbox 846 1943 958 2020; x_wconf 91' lang='lat' dir='ltr'><strong>officii</strong></span> <span class='ocrx_word' id='word_1_122' title='bbox 977 1947 1046 2020; x_wconf 80' lang='lat' dir='ltr'><strong>nni</strong></span> <span class='ocrx_word' id='word_1_123' title='bbox 1061 1946 1244 2023; x_wconf 86' lang='lat' dir='ltr'><strong>conscius</strong></span> 
     </span>
     <span class='ocr_line' id='line_1_17' title="bbox 121 2037 1230 2153; baseline 0.004 -31"><span class='ocrx_word' id='word_1_124' title='bbox 121 2111 126 2122; x_wconf 86' lang='grc'><em>.</em></span> <span class='ocrx_word' id='word_1_125' title='bbox 195 2037 329 2117; x_wconf 81' lang='lat' dir='ltr'><strong>necesse</strong></span> <span class='ocrx_word' id='word_1_126' title='bbox 357 2043 407 2116; x_wconf 90' lang='lat' dir='ltr'><strong>est</strong></span> <span class='ocrx_word' id='word_1_127' title='bbox 435 2048 610 2118; x_wconf 87' lang='lat' dir='ltr'><strong>rationem</strong></span> <span class='ocrx_word' id='word_1_128' title='bbox 640 2046 805 2153; x_wconf 87' lang='lat' dir='ltr'><strong>agnoscat</strong></span> <span class='ocrx_word' id='word_1_129' title='bbox 833 2045 1035 2148; x_wconf 80' lang='lat' dir='ltr'><strong>supremam</strong></span> <span class='ocrx_word' id='word_1_130' title='bbox 1063 2053 1230 2148; x_wconf 83' lang='lat' dir='ltr'><strong>cognosc</strong></span> 
     </span>
     <span class='ocr_line' id='line_1_18' title="bbox 106 2141 1243 2252; baseline 0.006 -37"><span class='ocrx_word' id='word_1_131' title='bbox 106 2186 112 2199; x_wconf 85' lang='lat'>·</span> <span class='ocrx_word' id='word_1_132' title='bbox 195 2143 272 2216; x_wconf 71' lang='lat' dir='ltr'><strong>rim</strong></span> <span class='ocrx_word' id='word_1_133' title='bbox 288 2141 341 2242; x_wconf 80' lang='lat'><strong>(§.</strong></span> <span class='ocrx_word' id='word_1_134' title='bbox 362 2144 437 2243; x_wconf 72' lang='grc'><strong>2.),</strong></span> <span class='ocrx_word' id='word_1_135' title='bbox 472 2148 574 2220; x_wconf 88' lang='lat' dir='ltr'><strong>cuius</strong></span> <span class='ocrx_word' id='word_1_136' title='bbox 591 2147 730 2221; x_wconf 86' lang='lat' dir='ltr'><strong>decreta</strong></span> <span class='ocrx_word' id='word_1_137' title='bbox 751 2149 791 2221; x_wconf 91' lang='lat' dir='ltr'><strong>in</strong></span> <span class='ocrx_word' id='word_1_138' title='bbox 803 2150 979 2222; x_wconf 64' lang='lat' dir='ltr'><strong>onmibusv</strong></span> <span class='ocrx_word' id='word_1_139' title='bbox 997 2150 1054 2223; x_wconf 87' lang='lat' dir='ltr'><strong>vel</strong></span> <span class='ocrx_word' id='word_1_140' title='bbox 1070 2151 1243 2252; x_wconf 74' lang='lat' dir='ltr'><strong>cogitati«</strong></span> 
     </span>
     <span class='ocr_line' id='line_1_19' title="bbox 196 2243 1238 2354; baseline 0.006 -34"><span class='ocrx_word' id='word_1_141' title='bbox 196 2243 266 2320; x_wconf 70' lang='lat' dir='ltr'><strong>lius</strong></span> <span class='ocrx_word' id='word_1_142' title='bbox 289 2247 346 2319; x_wconf 80' lang='lat' dir='ltr'><strong>vel</strong></span> <span class='ocrx_word' id='word_1_143' title='bbox 368 2250 569 2322; x_wconf 84' lang='lat' dir='ltr'><strong>actionibus</strong></span> <span class='ocrx_word' id='word_1_144' title='bbox 590 2248 729 2323; x_wconf 88' lang='lat' dir='ltr'><strong>servare</strong></span> <span class='ocrx_word' id='word_1_145' title='bbox 746 2249 883 2324; x_wconf 86' lang='lat' dir='ltr'><strong>debeat.</strong></span> <span class='ocrx_word' id='word_1_146' title='bbox 935 2251 1152 2354; x_wconf 85' lang='lat' dir='ltr'><strong>Quicunque</strong></span> <span class='ocrx_word' id='word_1_147' title='bbox 1170 2245 1238 2326; x_wconf 80' lang='lat' dir='ltr'><strong>aut</strong></span> 
     </span>
     <span class='ocr_line' id='line_1_20' title="bbox 114 2345 1240 2454; baseline 0.006 -33"><span class='ocrx_word' id='word_1_148' title='bbox 114 2355 118 2368; x_wconf 89' lang='grc'><strong>’</strong></span> <span class='ocrx_word' id='word_1_149' title='bbox 195 2346 314 2448; x_wconf 91' lang='lat' dir='ltr'><strong>spreto</strong></span> <span class='ocrx_word' id='word_1_150' title='bbox 336 2345 407 2422; x_wconf 88' lang='lat' dir='ltr'><strong>hoc</strong></span> <span class='ocrx_word' id='word_1_151' title='bbox 430 2352 578 2422; x_wconf 89' lang='lat' dir='ltr'><strong>rationis</strong></span> <span class='ocrx_word' id='word_1_152' title='bbox 600 2347 777 2454; x_wconf 65' lang='lat' dir='ltr'><strong>humanae</strong></span> <span class='ocrx_word' id='word_1_153' title='bbox 802 2353 1025 2454; x_wconf 87' lang='lat' dir='ltr'><strong>principatu,</strong></span> <span class='ocrx_word' id='word_1_154' title='bbox 1058 2356 1240 2430; x_wconf 81' lang='lat' dir='ltr'><strong>revelatio</strong></span> 
     </span>
    </p>
   </div>
   <div class='ocr_carea' id='block_1_9' title="bbox 87 2449 1238 2552">
    <p class='ocr_par' dir='ltr' id='par_1_9' title="bbox 87 2449 1238 2552">
     <span class='ocr_line' id='line_1_21' title="bbox 87 2449 1238 2552; baseline 0.009 -32"><span class='ocrx_word' id='word_1_155' title='bbox 87 2485 91 2504; x_wconf 39' lang='grc' dir='ltr'><em>κ</em></span> <span class='ocrx_word' id='word_1_156' title='bbox 197 2475 290 2548; x_wconf 89' lang='lat' dir='ltr'><strong>quae</strong></span> <span class='ocrx_word' id='word_1_157' title='bbox 312 2449 419 2522; x_wconf 93' lang='lat' dir='ltr'><strong>modo</strong></span> <span class='ocrx_word' id='word_1_158' title='bbox 444 2449 706 2552; x_wconf 80' lang='lat' dir='ltr'><strong>supernaturali</strong></span> <span class='ocrx_word' id='word_1_159' title='bbox 728 2452 774 2524; x_wconf 91' lang='lat' dir='ltr'><strong>ad</strong></span> <span class='ocrx_word' id='word_1_160' title='bbox 796 2467 909 2526; x_wconf 85' lang='lat' dir='ltr'><strong>certos</strong></span> <span class='ocrx_word' id='word_1_161' title='bbox 929 2452 1092 2530; x_wconf 89' lang='lat' dir='ltr'><strong>homines</strong></span> <span class='ocrx_word' id='word_1_162' title='bbox 1106 2456 1238 2530; x_wconf 87' lang='lat' dir='ltr'><strong>delata</strong></span> 
     </span>
    </p>
   </div>
   <div class='ocr_carea' id='block_1_10' title="bbox 198 2549 1227 2652">
    <p class='ocr_par' dir='ltr' id='par_1_10' title="bbox 198 2549 1227 2652">
     <span class='ocr_line' id='line_1_22' title="bbox 198 2549 1227 2652; baseline 0.008 -28"><span class='ocrx_word' id='word_1_163' title='bbox 198 2552 311 2652; x_wconf 74' lang='lat' dir='ltr'><strong>sitim,</strong></span> <span class='ocrx_word' id='word_1_164' title='bbox 337 2575 417 2624; x_wconf 90' lang='lat' dir='ltr'><strong>eam</strong></span> <span class='ocrx_word' id='word_1_165' title='bbox 433 2549 499 2626; x_wconf 89' lang='lat' dir='ltr'><strong>elle</strong></span> <span class='ocrx_word' id='word_1_166' title='bbox 514 2555 761 2628; x_wconf 85' lang='lat' dir='ltr'><strong>auctoritatem</strong></span> <span class='ocrx_word' id='word_1_167' title='bbox 777 2552 916 2648; x_wconf 83' lang='lat' dir='ltr'><strong>statuit,</strong></span> <span class='ocrx_word' id='word_1_168' title='bbox 942 2571 985 2630; x_wconf 91' lang='lat' dir='ltr'><strong>ut</strong></span> <span class='ocrx_word' id='word_1_169' title='bbox 999 2557 1033 2630; x_wconf 91' lang='lat' dir='ltr'><strong>ei</strong></span> <span class='ocrx_word' id='word_1_170' title='bbox 1053 2558 1124 2630; x_wconf 85' lang='lat' dir='ltr'><strong>fine</strong></span> <span class='ocrx_word' id='word_1_171' title='bbox 1143 2560 1227 2632; x_wconf 89' lang='lat' dir='ltr'><strong>ulla</strong></span> 
     </span>
    </p>
   </div>
   <div class='ocr_carea' id='block_1_11' title="bbox 82 2650 1230 2756">
    <p class='ocr_par' dir='ltr' id='par_1_11' title="bbox 82 2650 1230 2756">
     <span class='ocr_line' id='line_1_23' title="bbox 82 2650 1230 2756; baseline 0.011 -34"><span class='ocrx_word' id='word_1_172' title='bbox 82 2651 101 2728; x_wconf 71' lang='grc'><strong>’,</strong></span> <span class='ocrx_word' id='word_1_173' title='bbox 193 2650 371 2742; x_wconf 66' lang='lat' dir='ltr'><strong>bitatione</strong></span> <span class='ocrx_word' id='word_1_174' title='bbox 391 2679 497 2728; x_wconf 91' lang='lat' dir='ltr'><strong>coeco</strong></span> <span class='ocrx_word' id='word_1_175' title='bbox 512 2655 668 2754; x_wconf 87' lang='lat' dir='ltr'><strong>quodam</strong></span> <span class='ocrx_word' id='word_1_176' title='bbox 690 2655 859 2728; x_wconf 85' lang='lat' dir='ltr'><strong>instinctu</strong></span> <span class='ocrx_word' id='word_1_177' title='bbox 877 2658 1076 2756; x_wconf 90' lang='lat' dir='ltr'><strong>parendum</strong></span> <span class='ocrx_word' id='word_1_178' title='bbox 1093 2659 1153 2753; x_wconf 84' lang='lat' dir='ltr'><strong>tit,</strong></span> <span class='ocrx_word' id='word_1_179' title='bbox 1192 2663 1230 2736; x_wconf 81' lang='lat' dir='ltr'><strong>is</strong></span> 
     </span>
    </p>
   </div>
   <div class='ocr_carea' id='block_1_12' title="bbox 79 2751 1252 3166">
    <p class='ocr_par' dir='ltr' id='par_1_12' title="bbox 79 2751 1252 3166">
     <span class='ocr_line' id='line_1_24' title="bbox 196 2751 1252 2860; baseline 0.005 -33"><span class='ocrx_word' id='word_1_180' title='bbox 196 2778 277 2830; x_wconf 89' lang='lat' dir='ltr'><strong>ram</strong></span> <span class='ocrx_word' id='word_1_181' title='bbox 298 2751 456 2830; x_wconf 85' lang='lat' dir='ltr'><strong>hominis</strong></span> <span class='ocrx_word' id='word_1_182' title='bbox 471 2771 637 2833; x_wconf 89' lang='lat' dir='ltr'><strong>naturam</strong></span> <span class='ocrx_word' id='word_1_183' title='bbox 658 2781 700 2830; x_wconf 88' lang='lat' dir='ltr'><strong>ao</strong></span> <span class='ocrx_word' id='word_1_184' title='bbox 721 2757 933 2856; x_wconf 85' lang='lat' dir='ltr'><strong>dignitatem</strong></span> <span class='ocrx_word' id='word_1_185' title='bbox 953 2759 1046 2834; x_wconf 93' lang='lat' dir='ltr'><strong>tollit</strong></span> <span class='ocrx_word' id='word_1_186' title='bbox 1068 2775 1178 2860; x_wconf 88' lang='lat' dir='ltr'><strong>atque</strong></span> <span class='ocrx_word' id='word_1_187' title='bbox 1205 2791 1252 2836; x_wconf 83' lang='lat' dir='ltr'><strong>ev</strong></span> 
     </span>
     <span class='ocr_line' id='line_1_25' title="bbox 79 2839 1252 2964; baseline 0.005 -38"><span class='ocrx_word' id='word_1_188' title='bbox 79 2839 84 2868; x_wconf 65' lang='lat'>⁸</span> <span class='ocrx_word' id='word_1_189' title='bbox 188 2855 252 2951; x_wconf 80' lang='lat' dir='ltr'><strong>tit.</strong></span> <span class='ocrx_word' id='word_1_190' title='bbox 310 2861 402 2926; x_wconf 80' lang='lat' dir='ltr'><strong>Tam</strong></span> <span class='ocrx_word' id='word_1_191' title='bbox 420 2853 579 2930; x_wconf 84' lang='lat' dir='ltr'><strong>humana</strong></span> <span class='ocrx_word' id='word_1_192' title='bbox 600 2883 701 2930; x_wconf 89' lang='lat' dir='ltr'><strong>mens</strong></span> <span class='ocrx_word' id='word_1_193' title='bbox 720 2854 869 2957; x_wconf 78' lang='lat' dir='ltr'><strong>legibus</strong></span> <span class='ocrx_word' id='word_1_194' title='bbox 877 2861 1057 2958; x_wconf 88' lang='lat' dir='ltr'><strong>cogitandi</strong></span> <span class='ocrx_word' id='word_1_195' title='bbox 1076 2863 1142 2964; x_wconf 88' lang='lat' dir='ltr'><strong>ipfi</strong></span> <span class='ocrx_word' id='word_1_196' title='bbox 1166 2865 1252 2937; x_wconf 83' lang='lat' dir='ltr'><strong>inm</strong></span> 
     </span>
     <span class='ocr_line' id='line_1_26' title="bbox 197 2955 1225 3066; baseline 0.012 -39"><span class='ocrx_word' id='word_1_197' title='bbox 197 2955 377 3049; x_wconf 78' lang='lat' dir='ltr'><strong>subiecta,</strong></span> <span class='ocrx_word' id='word_1_198' title='bbox 404 2961 637 3058; x_wconf 80' lang='lat' dir='ltr'><strong>quaecunque</strong></span> <span class='ocrx_word' id='word_1_199' title='bbox 658 2958 715 3032; x_wconf 90' lang='lat' dir='ltr'><strong>vel</strong></span> <span class='ocrx_word' id='word_1_200' title='bbox 731 2959 895 3032; x_wconf 90' lang='lat' dir='ltr'><strong>sensuum</strong></span> <span class='ocrx_word' id='word_1_201' title='bbox 910 2987 977 3062; x_wconf 91' lang='lat' dir='ltr'><strong>ope</strong></span> <span class='ocrx_word' id='word_1_202' title='bbox 997 2967 1225 3066; x_wconf 82' lang='lat' dir='ltr'><strong>perceperit,</strong></span> 
     </span>
     <span class='ocr_line' id='line_1_27' title="bbox 86 3056 1247 3166; baseline 0.008 -35"><span class='ocrx_word' id='word_1_203' title='bbox 86 3064 91 3089; x_wconf 67' lang='lat'><strong>¹</strong></span> <span class='ocrx_word' id='word_1_204' title='bbox 198 3056 417 3156; x_wconf 85' lang='lat' dir='ltr'><strong>cogitatione</strong></span> <span class='ocrx_word' id='word_1_205' title='bbox 448 3085 489 3133; x_wconf 91' lang='lat' dir='ltr'><strong>ac</strong></span> <span class='ocrx_word' id='word_1_206' title='bbox 518 3061 762 3134; x_wconf 78' lang='lat' dir='ltr'><strong>meditatione</strong></span> <span class='ocrx_word' id='word_1_207' title='bbox 778 3064 975 3162; x_wconf 86' lang='lat' dir='ltr'><strong>repererit,</strong></span> <span class='ocrx_word' id='word_1_208' title='bbox 1016 3065 1186 3164; x_wconf 86' lang='lat' dir='ltr'><strong>proxime</strong></span> <span class='ocrx_word' id='word_1_209' title='bbox 1223 3095 1247 3166; x_wconf 89' lang='lat' dir='ltr'>q</span> 
     </span>
    </p>
   </div>
   <div class='ocr_carea' id='block_1_13' title="bbox 67 3158 1226 3261">
    <p class='ocr_par' dir='ltr' id='par_1_13' title="bbox 67 3158 1226 3261">
     <span class='ocr_line' id='line_1_28' title="bbox 67 3158 1226 3261; baseline 0.007 -27"><span class='ocrx_word' id='word_1_210' title='bbox 67 3223 73 3234; x_wconf 93' lang='lat'>.</span> <span class='ocrx_word' id='word_1_211' title='bbox 198 3158 281 3234; x_wconf 86' lang='lat' dir='ltr'><strong>dem</strong></span> <span class='ocrx_word' id='word_1_212' title='bbox 303 3160 349 3232; x_wconf 86' lang='lat' dir='ltr'><strong>ad</strong></span> <span class='ocrx_word' id='word_1_213' title='bbox 372 3159 698 3261; x_wconf 86' lang='lat' dir='ltr'><strong>oausam.aliquam</strong></span> <span class='ocrx_word' id='word_1_214' title='bbox 718 3163 758 3236; x_wconf 89' lang='lat' dir='ltr'><strong>in</strong></span> <span class='ocrx_word' id='word_1_215' title='bbox 780 3161 913 3236; x_wconf 88' lang='lat' dir='ltr'><strong>mundo</strong></span> <span class='ocrx_word' id='word_1_216' title='bbox 926 3162 1089 3240; x_wconf 83' lang='lat' dir='ltr'><strong>seulilms</strong></span> <span class='ocrx_word' id='word_1_217' title='bbox 1109 3167 1226 3242; x_wconf 73' lang='lat' dir='ltr'><strong>olivio</strong></span> 
     </span>
    </p>
   </div>
   <div class='ocr_carea' id='block_1_14' title="bbox 119 3253 1246 3570">
    <p class='ocr_par' dir='ltr' id='par_1_14' title="bbox 119 3253 1246 3570">
     <span class='ocr_line' id='line_1_29' title="bbox 198 3253 1227 3368; baseline 0.012 -36"><span class='ocrx_word' id='word_1_218' title='bbox 198 3261 246 3333; x_wconf 86' lang='lat' dir='ltr'><strong>ad</strong></span> <span class='ocrx_word' id='word_1_219' title='bbox 270 3261 426 3360; x_wconf 83' lang='lat' dir='ltr'><strong>origines</strong></span> <span class='ocrx_word' id='word_1_220' title='bbox 449 3253 500 3334; x_wconf 44' lang='lat' dir='ltr'><strong>in*-</strong></span> <span class='ocrx_word' id='word_1_221' title='bbox 512 3262 588 3364; x_wconf 91' lang='lat' dir='ltr'><strong>ipsa</strong></span> <span class='ocrx_word' id='word_1_222' title='bbox 609 3277 726 3358; x_wconf 75' lang='lat' dir='ltr'><strong>mente</strong></span> <span class='ocrx_word' id='word_1_223' title='bbox 747 3264 894 3338; x_wconf 88' lang='lat' dir='ltr'><strong>latentes</strong></span> <span class='ocrx_word' id='word_1_224' title='bbox 923 3267 1055 3340; x_wconf 84' lang='lat' dir='ltr'><strong>referre</strong></span> <span class='ocrx_word' id='word_1_225' title='bbox 1079 3271 1227 3368; x_wconf 85' lang='lat' dir='ltr'><strong>cogitur</strong></span> 
     </span>
     <span class='ocr_line' id='line_1_30' title="bbox 163 3361 1246 3464; baseline 0.009 -30"><span class='ocrx_word' id='word_1_226' title='bbox 163 3377 176 3440; x_wconf 91' lang='grc'><strong>’,</strong></span> <span class='ocrx_word' id='word_1_227' title='bbox 197 3361 350 3460; x_wconf 89' lang='lat' dir='ltr'><strong>ideoque</strong></span> <span class='ocrx_word' id='word_1_228' title='bbox 372 3362 497 3436; x_wconf 90' lang='lat' dir='ltr'><strong>stultae</strong></span> <span class='ocrx_word' id='word_1_229' title='bbox 520 3362 602 3438; x_wconf 85' lang='lat' dir='ltr'><strong>esset</strong></span> <span class='ocrx_word' id='word_1_230' title='bbox 623 3364 863 3464; x_wconf 85' lang='lat' dir='ltr'><strong>arrogantiae,</strong></span> <span class='ocrx_word' id='word_1_231' title='bbox 896 3365 1246 3444; x_wconf 76' lang='lat' dir='ltr'><strong>licaulameventus</strong></span> 
     </span>
     <span class='ocr_line' id='line_1_31' title="bbox 119 3465 1222 3570; baseline 0.01 -35"><span class='ocrx_word' id='word_1_232' title='bbox 119 3495 123 3505; x_wconf 63' lang='lat'><strong><em>¹</em></strong></span> <span class='ocrx_word' id='word_1_233' title='bbox 197 3487 320 3536; x_wconf 91' lang='lat' dir='ltr'><strong>rerum</strong></span> <span class='ocrx_word' id='word_1_234' title='bbox 336 3479 461 3537; x_wconf 87' lang='lat' dir='ltr'><strong>natura</strong></span> <span class='ocrx_word' id='word_1_235' title='bbox 477 3465 653 3539; x_wconf 85' lang='lat' dir='ltr'><strong>observati</strong></span> <span class='ocrx_word' id='word_1_236' title='bbox 671 3482 733 3538; x_wconf 88' lang='lat' dir='ltr'><strong>aut</strong></span> <span class='ocrx_word' id='word_1_237' title='bbox 748 3468 903 3565; x_wconf 80' lang='lat' dir='ltr'><strong>origines</strong></span> <span class='ocrx_word' id='word_1_238' title='bbox 917 3493 1020 3542; x_wconf 84' lang='lat' dir='ltr'><strong>verae</strong></span> <span class='ocrx_word' id='word_1_239' title='bbox 1035 3471 1222 3570; x_wconf 84' lang='lat' dir='ltr'><strong>religionis</strong></span> 
     </span>
    </p>
   </div>
   <div class='ocr_carea' id='block_1_15' title="bbox 78 3562 1251 3774">
    <p class='ocr_par' dir='ltr' id='par_1_15' title="bbox 78 3562 1251 3774">
     <span class='ocr_line' id='line_1_32' title="bbox 82 3562 1233 3668; baseline 0.01 -31"><span class='ocrx_word' id='word_1_240' title='bbox 82 3637 90 3644; x_wconf 84' lang='grc'><em>,</em></span> <span class='ocrx_word' id='word_1_241' title='bbox 159 3627 169 3640; x_wconf 88' lang='grc'><strong>.</strong></span> <span class='ocrx_word' id='word_1_242' title='bbox 197 3578 254 3638; x_wconf 89' lang='lat' dir='ltr'><strong>ter</strong></span> <span class='ocrx_word' id='word_1_243' title='bbox 274 3562 438 3644; x_wconf 86' lang='lat' dir='ltr'><strong>homiues</strong></span> <span class='ocrx_word' id='word_1_244' title='bbox 455 3565 691 3668; x_wconf 80' lang='lat' dir='ltr'><strong>deprehensae</strong></span> <span class='ocrx_word' id='word_1_245' title='bbox 713 3569 751 3640; x_wconf 92' lang='lat' dir='ltr'><strong>in</strong></span> <span class='ocrx_word' id='word_1_246' title='bbox 770 3570 910 3642; x_wconf 86' lang='lat' dir='ltr'><strong>animae</strong></span> <span class='ocrx_word' id='word_1_247' title='bbox 925 3567 1155 3646; x_wconf 81' lang='lat' dir='ltr'><strong>facultatibus</strong></span> <span class='ocrx_word' id='word_1_248' title='bbox 1170 3601 1233 3650; x_wconf 89' lang='lat' dir='ltr'><strong>rec</strong></span> 
     </span>
     <span class='ocr_line' id='line_1_33' title="bbox 78 3663 1251 3774; baseline 0.009 -37"><span class='ocrx_word' id='word_1_249' title='bbox 78 3673 83 3686; x_wconf 85' lang='lat'>&#39;</span> <span class='ocrx_word' id='word_1_250' title='bbox 199 3663 293 3739; x_wconf 86' lang='lat' dir='ltr'><strong>ditas</strong></span> <span class='ocrx_word' id='word_1_251' title='bbox 315 3691 387 3739; x_wconf 89' lang='lat' dir='ltr'><strong>non</strong></span> <span class='ocrx_word' id='word_1_252' title='bbox 408 3667 527 3742; x_wconf 87' lang='lat' dir='ltr'><strong>statim</strong></span> <span class='ocrx_word' id='word_1_253' title='bbox 547 3667 786 3770; x_wconf 80' lang='lat' dir='ltr'><strong>perspexerit,</strong></span> <span class='ocrx_word' id='word_1_254' title='bbox 812 3695 870 3742; x_wconf 90' lang='lat' dir='ltr'><strong>eas</strong></span> <span class='ocrx_word' id='word_1_255' title='bbox 890 3671 1033 3769; x_wconf 88' lang='lat' dir='ltr'><strong>prorsus</strong></span> <span class='ocrx_word' id='word_1_256' title='bbox 1054 3677 1183 3774; x_wconf 82' lang='lat' dir='ltr'><strong>negare</strong></span> <span class='ocrx_word' id='word_1_257' title='bbox 1208 3703 1251 3748; x_wconf 81' lang='lat' dir='ltr'><strong>vc</strong></span> 
     </span>
    </p>
   </div>
   <div class='ocr_carea' id='block_1_16' title="bbox 160 3767 1256 4284">
    <p class='ocr_par' dir='ltr' id='par_1_16' title="bbox 160 3767 1245 3978">
     <span class='ocr_line' id='line_1_34' title="bbox 199 3767 1245 3876; baseline 0.01 -36"><span class='ocrx_word' id='word_1_258' title='bbox 199 3782 236 3840; x_wconf 89' lang='lat' dir='ltr'><strong>et</strong></span> <span class='ocrx_word' id='word_1_259' title='bbox 252 3767 560 3867; x_wconf 87' lang='lat' dir='ltr'><strong>supernaturalem</strong></span> <span class='ocrx_word' id='word_1_260' title='bbox 568 3795 610 3844; x_wconf 91' lang='lat' dir='ltr'><strong>ac</strong></span> <span class='ocrx_word' id='word_1_261' title='bbox 626 3769 877 3844; x_wconf 77' lang='lat' dir='ltr'><strong>miraculosum</strong></span> <span class='ocrx_word' id='word_1_262' title='bbox 890 3788 1055 3850; x_wconf 85' lang='lat' dir='ltr'><strong>eventum</strong></span> <span class='ocrx_word' id='word_1_263' title='bbox 1070 3775 1138 3848; x_wconf 79' lang='lat' dir='ltr'><strong>tbi</strong></span> <span class='ocrx_word' id='word_1_264' title='bbox 1151 3777 1245 3876; x_wconf 82' lang='lat' dir='ltr'><strong>finge</strong></span> 
     </span>
     <span class='ocr_line' id='line_1_35' title="bbox 160 3870 1233 3978; baseline 0.007 -36"><span class='ocrx_word' id='word_1_265' title='bbox 160 3887 169 3928; x_wconf 72' lang='lat'>2</span> <span class='ocrx_word' id='word_1_266' title='bbox 198 3870 302 3942; x_wconf 89' lang='lat' dir='ltr'><strong>cuius</strong></span> <span class='ocrx_word' id='word_1_267' title='bbox 313 3884 409 3942; x_wconf 87' lang='lat' dir='ltr'><strong>certa</strong></span> <span class='ocrx_word' id='word_1_268' title='bbox 420 3871 597 3970; x_wconf 79' lang='lat' dir='ltr'><strong>quaedam</strong></span> <span class='ocrx_word' id='word_1_269' title='bbox 609 3887 693 3944; x_wconf 88' lang='lat' dir='ltr'><strong>nota</strong></span> <span class='ocrx_word' id='word_1_270' title='bbox 707 3872 940 3946; x_wconf 86' lang='lat' dir='ltr'><strong>demonstrari</strong></span> <span class='ocrx_word' id='word_1_271' title='bbox 953 3877 1097 3950; x_wconf 77' lang='lat' dir='ltr'><strong>omniuo</strong></span> <span class='ocrx_word' id='word_1_272' title='bbox 1110 3882 1233 3978; x_wconf 86' lang='lat' dir='ltr'><strong>nequit</strong></span> 
     </span>
    </p>

    <p class='ocr_par' dir='ltr' id='par_1_17' title="bbox 186 3973 1256 4284">
     <span class='ocr_line' id='line_1_36' title="bbox 198 3973 1245 4078; baseline 0.01 -40"><span class='ocrx_word' id='word_1_273' title='bbox 198 3974 391 4047; x_wconf 82' lang='lat' dir='ltr'><strong>Praetereo</strong></span> <span class='ocrx_word' id='word_1_274' title='bbox 406 3997 520 4070; x_wconf 91' lang='lat' dir='ltr'><strong>quum</strong></span> <span class='ocrx_word' id='word_1_275' title='bbox 532 3973 652 4072; x_wconf 88' lang='lat' dir='ltr'><strong>plures</strong></span> <span class='ocrx_word' id='word_1_276' title='bbox 667 3973 849 4072; x_wconf 83' lang='lat' dir='ltr'><strong>religionis</strong></span> <span class='ocrx_word' id='word_1_277' title='bbox 864 3974 1062 4069; x_wconf 86' lang='lat' dir='ltr'><strong>doctrinae,</strong></span> <span class='ocrx_word' id='word_1_278' title='bbox 1083 3989 1175 4078; x_wconf 89' lang='lat' dir='ltr'><strong>q&#39;uae</strong></span> <span class='ocrx_word' id='word_1_279' title='bbox 1187 3981 1245 4052; x_wconf 88' lang='lat' dir='ltr'><strong>vul</strong></span> 
     </span>
     <span class='ocr_line' id='line_1_37' title="bbox 186 4061 1253 4182; baseline 0.013 -44"><span class='ocrx_word' id='word_1_280' title='bbox 186 4061 366 4166; x_wconf 63' lang='lat' dir='ltr'><strong>&#39;pofitivoe</strong></span> <span class='ocrx_word' id='word_1_281' title='bbox 383 4071 569 4166; x_wconf 89' lang='lat' dir='ltr'><strong>dicuutur,</strong></span> <span class='ocrx_word' id='word_1_282' title='bbox 601 4068 826 4147; x_wconf 71' lang='lat' dir='ltr'><strong>revelationis</strong></span> <span class='ocrx_word' id='word_1_283' title='bbox 842 4074 984 4150; x_wconf 84' lang='lat' dir='ltr'><strong>divinae</strong></span> <span class='ocrx_word' id='word_1_284' title='bbox 1003 4081 1152 4178; x_wconf 86' lang='lat' dir='ltr'><strong>eiusque</strong></span> <span class='ocrx_word' id='word_1_285' title='bbox 1172 4077 1253 4182; x_wconf 88' lang='lat' dir='ltr'><strong>supe</strong></span> 
     </span>
     <span class='ocr_line' id='line_1_38' title="bbox 197 4161 1256 4284; baseline 0.008 -36"><span class='ocrx_word' id='word_1_286' title='bbox 197 4175 370 4254; x_wconf 82' lang='lat' dir='ltr'><strong>naturalis</strong></span> <span class='ocrx_word' id='word_1_287' title='bbox 392 4199 435 4254; x_wconf 87' lang='lat' dir='ltr'><strong>ac</strong></span> <span class='ocrx_word' id='word_1_288' title='bbox 458 4175 689 4250; x_wconf 87' lang='lat' dir='ltr'><strong>miraculosae</strong></span> <span class='ocrx_word' id='word_1_289' title='bbox 712 4173 922 4275; x_wconf 79' lang='lat' dir='ltr'><strong>dignitatem</strong></span> <span class='ocrx_word' id='word_1_290' title='bbox 948 4161 1256 4284; x_wconf 70' lang='lat' dir='ltr'><strong>filitaffectavertl</strong></span> 
     </span>
    </p>
   </div>
   <div class='ocr_carea' id='block_1_17' title="bbox 0 0 1269 5060">
    <p class='ocr_par' dir='ltr' id='par_1_18' title="bbox 0 0 1269 5060">
     <span class='ocr_line' id='line_1_39' title="bbox 0 0 1269 5060; baseline 0 0"><span class='ocrx_word' id='word_1_291' title='bbox 0 0 1269 5060; x_wconf 95' lang='lat' dir='ltr'><strong> </strong></span> 
     </span>
    </p>
   </div>
  </div>
 </body>
</html>
