2528 5060
132 425 172 468 vr
246 399 247 404 ’
462 403 478 442 -’
512 405 525 476 f
578 397 781 488 Praefatio.
821 469 827 482 ,

46 595 48 604 ’
83 645 91 662 s
132 573 328 646 dialecticis
344 557 728 672 quibusdam'argutiis
750 585 785 645 et
806 569 944 672 spinoso
964 562 1167 652 disserendi
1192 591 1262 666 ge-

85 711 90 720 ·
131 717 216 764 nere
233 689 352 764 omnia
368 679 624 790 persequantur
633 749 643 784 ,
666 705 728 766 aut
742 690 896 789 denique
913 686 1062 782 mystica
1080 686 1262 786 quadam

130 816 311 906 μισολογίᾳ
333 821 368 880 et
390 796 627 908 superstitiosa
640 821 809 881 “veterum
826 804 1144 905 obsoletatumque
1167 807 1262 904 opi-

130 929 281 1030 nionum
296 921 520 999 veneratione
536 926 654 1020 ducti,
681 951 773 1026 quae
790 925 968 998 recentior
984 938 1080 996 aetas
1098 937 1139 994 et
1159 948 1262 1022 pro-

130 1043 261 1145 gressus
277 1045 315 1116 in
331 1043 607 1144 quibuscunque
628 1039 759 1118 artium
778 1068 820 1117 ac
837 1042 1022 1116 literarum
1044 1041 1262 1144 generibus

130 1162 217 1236 facti
237 1161 384 1235 meliora
403 1161 614 1256 docuissent,
648 1162 705 1234 vel
728 1160 879 1262 superbe
902 1175 1154 1270 contemnant,
1190 1163 1262 1234 vel

131 1295 278 1383 propter
294 1278 408 1380 ipsam
424 1283 618 1356 novitatem
633 1284 673 1354 in
690 1280 866 1354 invidiam
882 1280 1086 1356 adducant

230 1513 272 1586 In
303 1512 427 1586 ordine
456 1540 577 1588 rerum
610 1528 842 1620 tractatarum
874 1513 1030 1588 libenter
1054 1513 1252 1613 equidem,

128 1630 309 1702 nonnullis
329 1631 537 1705 criticorum
553 1631 860 1708 admonitionibus
880 1630 1075 1723 adducas,
1106 1628 1173 1705 hic
1195 1633 1251 1704 il-

127 1747 176 1840 lic
202 1747 378 1847 quaedam
400 1745 675 1848 commutassem.
728 1749 897 1824 Attamen
921 1753 1036 1850 quum
1056 1747 1122 1824 hic
1141 1749 1245 1826 liber

112 1879 255 1970 *quater
275 1866 349 1940 iam
368 1866 486 1942 editus
503 1867 715 1942 academicis
738 1866 868 1942 scholis
891 1868 1080 1963 inserviat,
1105 1893 1238 1944 curan-

126 1969 214 2056 dum
229 1989 322 2079 etat,
348 1999 390 2058 ut
406 1987 446 2058 in
457 1985 621 2086 capitum
637 1984 883 2078 consecutione
903 1999 939 2060 et
958 1998 1108 2061 nuntero
1124 2011 1243 2089 quae-

126 2103 180 2174 vis
196 2101 435 2204 discrepantia
452 2105 636 2176 vitaretur.
689 2103 815 2202 Neque
836 2103 877 2176 in
900 2103 971 2176 alia
992 2104 1247 2204 qualicunque

124 2221 246 2292 rerum
263 2219 608 2319 dispositionelocus
629 2221 810 2316 defitilset,
844 2247 890 2296 an
911 2223 981 2296 alia
1003 2224 1246 2326 praeferenda

47 2389 54 2404 .
125 2334 232 2429 elletp
254 2335 457 2412 dubitanti.
508 2339 701 2412 Enimvero
718 2363 832 2444 quum
850 2341 1023 2444 plurimis,
1036 2353 1072 2418 et
1094 2343 1245 2442 aequis-

118 2439 220 2526 limis'
248 2449 379 2525 harum
407 2479 529 2528 rerum
561 2453 707 2552 arbitris
737 2455 920 2550 confilium
950 2469 1072 2532 meunt
1099 2457 1245 2558 proba-

123 2587 202 2646 tum
228 2571 329 2648 fuisse
359 2571 539 2667 vidissem,
581 2575 619 2646 in
640 2571 712 2648 hac
734 2599 879 2675 quoque
902 2599 994 2648 nova
1016 2576 1133 2675 operis
1155 2573 1243 2648 edi-

122 2691 220 2763 tione
237 2691 399 2785 primum
424 2693 572 2792 quidem
598 2691 800 2786 universam
827 2693 990 2768 locorum
1012 2691 1241 2793 theologico-

122 2817 206 2879 rum
227 2793 372 2902 seriem,
405 2807 452 2881 ab
474 2811 643 2911 opinione
665 2811 849 2914 religionis
869 2808 1091 2885 Christianae
1113 2811 1151 2884 vi
1171 2808 1240 2884 su-

121 2924 343 3024 pernaturali
365 2921 576 3001 constitutae
595 2913 805 3030 'suspensam
833 2909 903 3002 lite
929 2917 1079 3024 systema
1102 2931 1239 3023 Super-

123 3050 371 3132 naturalium,
405 3067 513 3145 quem
536 3045 681 3141 dicunt,
715 3047 762 3119 ad
784 3047 976 3148 formulam
997 3047 1236 3142 symbolicam

124 3159 288 3236 ecclesiae
311 3160 556 3256 Lutherauae,
592 3163 791 3264 subiunctis
812 3167 988 3238 tanten‘et
1006 3165 1234 3240 'Reformata-

122 3305 205 3352 rum
227 3283 474 3378 eonfeffionum
495 3283 668 3382 decretis,
707 3299 871 3357 accurate
893 3283 1065 3386 exposui,
1104 3291 1234 3362 deinde

121 3423 227 3491 vero,
265 3416 436 3501 perpetua
465 3401 674 3500 dogmatum
700 3401 918 3500 singulorum
945 3400 1094 3476 historia
1122 3418 1233 3503 atque

122 3515 270 3588 censura
293 3515 469 3612 subiecta,
505 3516 676 3618 'itemque'
691 3518 816 3592 selecta
847 3518 984 3620 ubique
1012 3523 1231 3622 optimorum

120 3633 299 3710 librorum
315 3636 442 3710 notitia
459 3635 600 3730 addita,
634 3637 817 3740 pluriorem
834 3638 943 3710 etiam
964 3638 1141 3738 religionis
1157 3637 1230 3713 do-

29 3845 33 3856 ·
122 3754 258 3826 ctrinne
285 3767 413 3854 typum
446 3751 579 3851 (τύπον
608 3765 745 3857 διδαχῆς
775 3759 879 3848 Rom.
902 3773 934 3850 6,
958 3758 1045 3858 17.)
1075 3758 1225 3836 exhibui

122 3874 268 3944 omnino
291 3868 359 3944 fibi
383 3872 599 3946 constantem
622 3888 657 3945 et
681 3901 728 3946 ex
755 3871 805 3978 iis]
828 3875 1046 3976 potissimum
1076 3877 1224 3978 scriptu-

121 4014 182 4062 rae
197 3988 315 4063 sacrae
331 3985 467 4080 effatis,
495 4015 587 4088 quem
607 3991 764 4064 dilucide
785 4009 893 4092 atque
915 3993 1101 4094 perspicue
1115 4019 1220 4068 enun—

122 4107 214 4178 ciata
238 4109 387 4204 rationis
409 4105 587 4180 humanae
613 4105 753 4206 legibus
779 4135 800 4182 a
823 4111 898 4184 Deo
924 4107 999 4211 ipso
1025 4113 1131 4184 menti
1154 4135 1218 4184 no-

122 4223 212 4298 strae
235 4225 347 4324 inlitip
369 4229 505 4326 optime
530 4229 765 4324 cotttcniuut,
792 4221 952 4326 druhtui,
980 4232 1077 4332 quod
1096 4238 1215 4305 Ratio-
