2476 5046
14 403 216 481 tdminz‘culic
225 375 363 501 solutio
375 431 441 500 per
456 377 632 506 Christum
649 405 915 500 consequendae,
942 399 1032 484 Μ’
1078 451 1090 472 ,
1119 497 1122 504 .
1148 375 1171 424 V

17 611 48 677 r,
79 577 241 684 inprimis
262 575 569 670 Lutlreranorum,
602 593 806 668 auctumet
829 583 1018 682 confirma-
1115 669 1122 682 Ι

14 745 18 760 ,
69 659 348 775 Idem‘confitio,
380 708 452 782 quo
473 682 567 754 Iesus
589 679 673 754 Chr.
699 680 725 755 s.
750 710 895 758 coenam
917 687 1018 761 instiss

14 847 17 875 ‚
36 789 220 860 memoriae
235 783 354 884 ipsius,
373 785 507 882 quippe
521 784 682 855 omnium
695 781 883 859 hominum
896 789 1020 861 aman-

14 893 46 962 ni
58 889 123 986 (soi
138 901 194 980 15,
209 885 300 982 tt),
319 883 548 958 celebrandae
563 901 798 984 mutuamque
813 889 904 959 inter
913 877 1021 964 Chri-

14 1019 54 1063 ros
75 1017 230 1064 amorem
252 987 409 1086 augendi
431 983 472 1083 (1
491 989 569 1059 Cor.
592 1002 649 1078 10,
671 987 749 1085 17.)
777 991 1021 1093 primarioque
1053 1019 1057 1026 ’

14 1093 139 1165 stianae
151 1091 338 1190 religionis
355 1103 543 1188 praecepto
561 1085 710 1186 (Matth.
726 1105 784 1180 22,
804 1105 861 1166 38.
881 1108 941 1168 89.
968 1093 1031 1172 so)
1112 1091 1127 1148 ἶ
1189 1089 1202 1112 ”

15 1205 64 1270 et.
87 1201 145 1270 35.
183 1193 373 1286 tCor.'13.
411 1205 426 1264 1
445 1191 541 1262 Tim.
562 1209 593 1282 1,
612 1188 669 1287 5.)
693 1190 836 1290 prorsus
861 1191 1023 1270 adversa-

49 1299 169 1395 ltaque
190 1297 265 1368 iam
285 1288 643 1384 Meianchthcn,
678 1293 779 1366 cuius
799 1309 834 1374 et
851 1293 967 1370 sanior
988 1313 1024 1373 et
1051 1304 1057 1314 '

14 1425 51 1470 ,or
65 1414 137 1471 erat
152 1395 271 1492 dehis
287 1394 395 1466 rebus
414 1391 583 1466 sententia
592 1450 603 1485 ,
630 1393 784 1467 editione
799 1393 1025 1496 Augustanae

16 1499 154 1572 sessionis
170 1512 305 1571 mutata
322 1491 378 1592 (§.·
390 1493 502 1592 17-6.)
527 1495 813 1569 coniunctionem
833 1495 1027 1576 interillos
1126 1553 1129 1562 ‚

14 1629 51 1674 us
67 1600 266 1674 diffidentes
289 1596 459 1700 perficere
481 1595 636 1690 studuit,
670 1624 736 1670 nec
759 1596 837 1698 post
857 1610 942 1674 eum'
964 1605 1046 1681 de-,
1070 1623 1088 1664 γ’

14 1719 73 1776 ant
92 1703 257 1776 homines
279 1700 334 1798 pii
356 1715 397 1771 ac
419 1697 613 1798 sapientes,
647 1699 711 1798 qui
728 1699 871 1774 dirersis
888 1719 1028 1806 tempo-

14 1833 51 1898 rs,
72 1821 111 1877 ut
126 1803 217 1878 tttud
234 1800 427 1874 discidium
443 1799 641 1891 tolleretur,
669 1800 890 1876 elaborarent
906 1803 961 1904 ὅ),
987 1807 1028 1881 id

14 1907 35 1976 d
54 1907 131 1979 inde
154 1927 174 1977 a
198 1887 461 1983 reforniationis
478 1900 659 2008 sacrorum
677 1905 790 1976 tertiis
810 1903 1029 1984 secularibus

14 2008 251 2082 ¹celebratis-in
271 1999 743 2104 complurihun‘Germaniae
764 2007 928 2105 partibus
949 2009 1030 2100 feli-

14 2111 106 2182 imum
120 2103 459 2184 hattuitfirccetrum
476 2103 521 2201 θ).
829 2107 831 2113 ’

40 2212 77 2284 Η.
99 2212 234 2284 [Itilem
244 2233 328 2281 vero
341 2207 406 2280 esse
420 2203 628 2278 huiusmodi
641 2205 953 2306 consociationem,
976 2211 1031 2287 sa·

14 2313 239 2412 *intelligitur
259 2305 260 2313 ¹
291 2309 372 2382 Non
388 2307 502 2380 solum
517 2309 613 2380 enim
628 2305 697 2402 hac
714 2313 850 2384 ratione
871 2328 949 2388 tum
970 2303 1033 2408 ve}

14 2441 55 2484 nn
76 2405 492 2510 discordiarum'stirpes
524 2434 566 2482 ac
596 2408 730 2483 semina
755 2413 1032 2512 interficiuntur,
1072 2461 1081 2513 ·.

15 2519 143 2589 enoris
174 2514 338 2588 discidiis
371 2509 515 2584 obviam
547 2512 642 2603 itur3
685 2511 877 2588 sedetiam
909 2517 1034 2614 multa,

16 2641 37 2686 e
53 2643 94 2690 ex
110 2619 155 2691 iis
175 2618 224 2690 ad
246 2614 426 2688 sacrorum
448 2612 808 2709 administrationem,
835 2618 881 2690 ad
897 2613 1049 2705 ,scholas⁴

17 2717 98 2791 n'tam
112 2716 342 2793 domesticam
360 2712 617 2816 permanabant
634 2716 879 2810 incommoda,
905 2721 1037 2810 tollun-

24 2847 31 2908 3
63 2821 212 2922 deniqne
238 2818 382 2892 ccclesia
406 2818 608 2916 evangelica
635 2817 800 2891 adversus
833 2815 1036 2920 pontificiae

19 2923 156 2996 :totitatis
177 2918 372 3012 abusum,
394 2918 603 2994 Iesuitarum
633 2917 914 2994 machinationes
947 2925 1038 2997 alio-

20 3045 91 3120 nque
107 3023 268 3098 inscitiae
285 3036 518 3122 patronorum
536 3019 779 3116 tenebricosos
789 3047 831 3096 ac
848 3021 1038 3099 malevolos
1084 3075 1088 3086 -

21 3145 78 3196 nes
94 3125 295 3199 defenditur
309 3147 352 3197 ac
367 3123 537 3196 munitur.

50 3227 103 3300 ΙΙΙ.
128 3229 229 3300 Haec
243 3251 328 3298 vero
344 3223 556 3310 consociatio
574 3219 644 3297 hac
664 3221 882 3324 potissimum
902 3227 1040 3302 ratione
1166 3313 1168 3320 ,

24 3323 100 3400 ineri
112 3327 240 3429 potest,
266 3342 307 3400 ut
322 3325 347 3399 s.
365 3349 492 3418 coena,
520 3341 694 3424 quantum
716 3327 753 3398 id
776 3353 840 3427 per
856 3345 1042 3410 externam
1155 3368 1158 3376 ·

25 3423 167 3503 letiarum
188 3429 341 3528 sormam
361 3443 397 3500 et
417 3426 702 3502 constitutionem
726 3427 806 3501 fieri
828 3427 960 3530 potest,
995 3431 1042 3504 ad

25 3523 130 3604 stiuam
144 3531 402 3632 simplicitatem
426 3545 461 3602 et
481 3527 754 3622 caerimoniam,
781 3533 912 3604 reiecta
929 3532 1042 3628 simul,

27 3649 49 3698 te
62 3631 152 3706 illam
166 3623 377 3734 praecedere
392 3629 495 3721 solet,
519 3629 728 3704 consessione
743 3644 892 3734 privato
900 3643 919 3720 ,'
936 3635 1045 3707 redu-

28 3751 66 3801 rr.
115 3751 145 3810 1.
172 3737 295 3836 ltaque
313 3734 490 3834 primum,
517 3731 763 3806 adexternam
778 3733 931 3808 sormam
947 3736 1045 3836 quod

66 3838 96 3926 t,
135 3835 436 3912 commendandus
461 3834 512 3906 est
530 3836 645 3935 panis
674 3835 795 3908 idonei
820 3851 855 3908 et
878 3835 1054 3930 esculenti¹

75 3961 135 4033 pro
150 3939 220 4010 illis
235 3937 420 4040 panicellis
436 3951 502 4026 ant
512 3935 678 4036 pastillis,
702 3938 766 4037 qui
780 3935 934 4034 barbaro
949 3943 1047 4010 obla·
1173 3931 1178 3941 ’

98 4040 237 4112 nomino
262 4039 330 4112 sec,
356 4037 500 4110 demum
519 4037 574 4110 XI
602 4039 643 4109 ‘in
669 4034 810 4110 ecclesia
836 4041 1048 4116 occidentali

72 4135 149 4235 lgati
165 4140 254 4213 sunt.
292 4137 411 4239 'Isque
432 4140 534 4239 panis
551 4133 766 4238 frangendus
785 4137 835 4212 est
856 4141 896 4212 in
916 4130 1058 4236 frusta-5⁴

34 4239 196 4404 ,quidem
217 4243 308 4334 ritu,
342 4241 641 4412 consentientilffis
663 4241 868 4326 auctoribus
889 4241 1057 4340 bittlicisg'

35 4394 51 4418 ,.
295 4411 297 4414 ,
485 4401 490 4416 ,
640 4367 688 4420 m¹
878 4362 893 4374 “·

35 4427 44 4624 t

38 4689 150 5005 ,,
