2472 5054
13 375 141 446 >alirino
152 375 225 469 inst.
233 373 372 467 salutis
386 343 482 448 trusa.
494 373 601 464 per]-
613 368 695 441 Otr.
713 375 942 470 reparandae.
960 359 1061 474 eet

13 577 51 622 un
63 547 231 648 insignium
245 546 291 622 aa
305 547 464 622 numinis
479 547 659 620 auxilium
677 531 947 648 reserre'eonati
965 549 1045 647 lint,

13 653 86 724 uilia
112 651 151 724 de
177 650 488 726 iucarnationilrus'
505 651 664 743 Deorum
693 663 729 722 et
759 649 804 723 de
834 648 1045 728 hominibus

25 769 127 824 natura
147 753 296 852 quadam
319 750 459 825 coelesti
480 753 679 852 progenitis
701 753 925 852 repatiantur
946 778 1046 828 com-
1134 781 1140 810 t

13 852 132 951 tentat).
180 853 277 947 Quae
299 879 412 953 quum
433 854 483 926 ita
505 854 589 947 lint,
624 879 748 928 eorum
772 855 941 928 sententia
966 881 1047 930 ma-

12 959 62 1028 ine
88 955 276 1054 probabilis
298 953 364 1028 else
387 954 548 1048 videtur,
591 955 657 1055 qui
682 957 976 1056 evangelistarum
1000 959 1046 1034 de

12 1057 128 1128 atahbus
148 1058 222 1130 Iesu
241 1055 373 1132 Christi
394 1055 544 1130 insolitis
568 1057 809 1132 narrationem
830 1085 896 1158 pro
918 1059 1047 1154 mytho

12 1185 57 1232 oro
77 1186 119 1230 ex
139 1149 347 1233 ludaeorum
370 1159 600 1260 opinionibus
620 1158 838 1258 quibusdam
856 1158 922 1258 (cs.
941 1164 990 1235 lo.
1010 1178 1046 1259 7,

12 1275 31 1334 t.
52 1271 93 1336 42
106 1257 161 1360 ss.)
183 1278 217 1334 et
238 1257 497 1363 prophetarum
513 1261 667 1334 oraculis
685 1257 768 1358 (les.
789 1273 897 1353 7,14.
930 1263 1046 1340 Mich.

12 1361 68 1459 Α.)
84 1364 162 1436 ae'vo
177 1363 338 1463 sequiora
355 1363 500 1436 demum
516 1364 728 1463 composito,
759 1359 965 1442 hahendam
981 1367 1048 1442 else

12 1465 153 1537 tilliurant
168 1461 235 1564 03
262 1493 282 1538 e
296 1491 368 1566 quo
384 1462 474 1538 haec
487 1463 658 1539 sententia
671 1460 879 1540 universalis
893 1469 933 1540 iu
948 1495 1049 1544 com-

13 1591 96 1639 unem
117 1564 304 1641 hominum
327 1565 430 1642 usum
452 1566 612 1660 converti
640 1564 773 1668 potest:
812 1570 1047 1672 principium,
1085 1625 1090 1630 -

11 1667 207 1764 addicunt,
244 1669 431 1764 divinum,
471 1668 512 1744 iu
533 1667 611 1743 Iesu
633 1667 766 1742 Christi
787 1673 862 1742 vita
885 1685 920 1743 ot
941 1672 1069 1748 factio

11 1769 176 1870 ulpianum
197 1771 252 1846 ah
276 1771 353 1872 ipso
373 1772 451 1845 Deo
476 1785 572 1844 recte
595 1769 772 1864 derivari,
813 1775 1049 1871 quenratlmo-
1079 1857 1083 1872 Ι

11 1895 46 1941 nn
59 1870 156 1946 homo
169 1873 342 1973 religione
362 1899 445 1946 vere
468 1873 648 1967 imbutus,
682 1872 861 1974 quidquid
883 1875 1049 1952 divinum

11 1976 104 2047 olleo
126 1975 316 2076 probatum
340 1989 375 2048 et
396 1977 474 2048 Deo'
497 1973 649 2076 (lignum
671 1975 711 2048 in
736 1972 885 2050 historia
908 1980 1048 2078 generis

11 2078 101 2150 rotoni
114 2077 321 2179 conspexit,
346 2077 458 2150 aDeo
473 2092 617 2150 auctore
637 2091 796 2177 repetere
816 2075 913 2153 solet.
967 2080 1047 2176 (lua

11 2181 118 2252 utentia
135 2179 480 2270 hene·oonfi1u1ata‚'
507 2203 742 2278 quaeeunque
763 2177 808 2253 de
830 2181 1048 2258 miraculosis
1097 2225 1102 2232 ·

11 2283 182 2366 tturaelesu
190 2279 324 2366 Christi
334 2278 512 2354 humanae
523 2279 803 2380 proprietatilrus'
813 2282 939 2356 iactata
954 2285 1047 2380 sunt,
1070 2295 1073 2302 '

10 2381 92 2456 rorlhs
112 2381 258 2484 quidem
281 2381 493 2476 concidunt,
526 2383 675 2455 minime
694 2409 779 2456 vero
799 2383 975 2486 persuasio
992 2413 1046 2482 ea,

10 2505 34 2554 n
51 2485 84 2556 in
104 2479 187 2589 ipfie
206 2488 263 2560 rei
284 2483 505 2560 Christianae
528 2483 737 2586 primordiis
758 2485 902 2561 divinae
926 2515 1049 2565 rerum
1075 2565 1076 2576 ,

10 2607 184 2662 manarum
204 2585 476 2688 guhemationis
496 2585 750 2683 documentum
770 2588 877 2662 nohis
899 2589 1049 2665 exhibi-

10 2711 37 2756 n
52 2690 105 2787 pie
124 2716 337 2764 veneramur
344 2737 366 2782 ,·
396 2704 433 2763 et
452 2703 610 2789 tempus,
648 2715 720 2788 quo
742 2691 836 2763 Iesus
857 2707 962 2766 natus
984 2691 1047 2789 est,

10 2799 55 2860 tes
67 2794 225 2894 viresque
243 2793 397 2866 eximias
404 2848 415 2884 ‚
441 2790 574 2890 quillus
588 2791 733 2890 insignis
747 2791 835 2884 fuit,
861 2809 896 2865 et
916 2819 1049 2894 oppor-
1134 2857 1137 2866 .
1167 2811 1172 2824 '

10 2890 133 2989 unates,
171 2914 263 2995 quas
286 2908 410 2967 nactus
430 2893 499 2986 est,
537 2892 584 2966 ad
605 2893 685 2966 illas
709 2892 922 2966 excolendas
945 2895 1051 2980 etad

10 2979 255 3070 inhominum
268 2992 549 3090 transferendas,
581 2991 657 3101 ipso
671 2993 749 3066 Iesu
765 3009 956 3095 praeeunte
974 2992 1046 3094 (lo.
1139 3057 1142 3066 .
1224 3001 1225 3020 ¹

11 3095 99 3193 en),
123 3102 233 3174 aDeo
247 3097 441 3198 repetimus
457 3111 600 3172 auctore
615 3121 657 3172 ee
670 3095 893 3174 moderatore
907 3095 1048 3198 sapien·
1066 3180 1070 3188 ,
1102 3082 1115 3124 ³

10 3189 78 3271 lino
93 3199 426 3302 benignissimoque.
473 3295 478 3316 Ι
557 3249 568 3268 .

10 3384 26 3448 ι)
40 3385 150 3444 haeres.
173 3406 220 3458 5⁰.

10 3511 24 3576 l)
41 3516 217 3573 Irenaeue
235 3517 300 3572 adr.
313 3517 426 3572 haeret.
448 3519 474 3574 1.
499 3536 542 3590 29·
575 3518 636 3586 „ta
654 3517 732 3590 quod
751 3517 966 3586 onsecrandum
986 3520 1048 3574 Ln-

29 3617 82 3651 cam
100 3605 291 3672 Evangetium
309 3604 542 3674 circumcidens,
570 3617 601 3660 et
619 3607 737 3672 omnia,
761 3624 837 3677 quae
855 3609 924 3662 suut
943 3605 977 3658 de
996 3623 1048 3676 ga·

27 3689 168 3742 uenatione
193 3687 314 3742 Domini
338 3691 506 3760 conscripta
529 3692 665 3746 auferens
682 3685 776 3744 -.””
805 3695 837 3744 Α.
857 3692 965 3754 Halia
984 3693 1049 3744 Dus

27 3769 128 3836 Evang.
145 3769 301 3822 Marcione
317 3799 352 3811 -
376 3770 423 3823 ein
439 3773 662 3842 uerjliimmelres
680 3773 912 3840 muersc'z'lsehtcs
927 3772 1048 3825 Lnlrar-
1138 3769 1140 3778 ’

26 3859 216 3926 Evangelium.
241 3857 384 3930 Khnigrb.
405 3868 482 3930 1825.
506 3877 536 3932 p.
553 3861 640 3928 125r.
682 3860 731 3914 ef.
750 3859 904 3924 Gaettngcr
921 3857 1049 3926 gelehrte

28 3943 168 4018 Auzet'gqn.
192 3945 247 3997 Nr.
262 3951 307 4014 58.
334 3954 411 4016 1825.
634 3965 636 3970 '

10 4063 23 4134 tl
42 4070 88 4122 De
106 4071 298 4126 Matthaei
317 4073 353 4125 ad
369 4073 478 4126 Mauh.
494 4089 518 4139 1,
534 4079 591 4142 ¹7·'
612 4072 650 4126 G.
670 4071 777 4123 Gonr·
795 4062 903 4122 Horll
921 4071 987 4123 Uel·
1002 4069 1049 4124 ‘31⁹⁶

28 4147 117 4208 beiden
130 4160 221 4238 ersten
233 4159 351 4226 Kapitel
366 4161 406 4210 im
418 4161 535 4225 Lulras,
551 4161 584 4211 in
597 4159 694 4227 histor.
709 4157 778 4210 serit.
792 4175 820 4209 u.
835 4169 938 4224 eroget.
952 4158 1047 4222 dogm.

28 4239 168 4309 thfieln;
187 4243 218 4297 iu
231 4243 358 4300 Heuko
372 4245 510 4316 Muscam.
528 4246 553 4301 1.
573 4246 616 4301 St.
630 4259 657 4314 5·
692 4243 802 4300 Storr
815 4241 920 4328 Lrhtb·
933 4243 1048 4314 &3⁰8⁹
