2468 5058
232 492 244 504 ,,
326 415 384 486 nt
409 413 613 510 ruatogta.
966 381 1040 494 tt‘
1099 499 1102 508 ,

17 583 161 684 Distinguunt
171 568 453 683 philo⁰sophioam
466 591 649 686 religionis
663 588 860 660 doctrinm
876 585 903 662 l.
921 593 1015 664 thou·

17 693 89 780 ip'snt
104 693 294 760 rationalem
316 685 369 788 (§.
391 689 471 790 19.)
495 693 795 787 (philoshphr'sahe
810 695 1018 786 Religione-

16 791 186 880 allensthust,
222 795 665 888 Religiumpltiquoplu'e),
709 813 802 892 quae
834 793 1017 892 religionis

16 891 110 962 utunss
120 887 164 990 (s.
180 891 235 988 t.)
249 892 481 970 fundamenta
496 895 598 970 docte
614 911 721 994 utque
734 893 910 968 subtiliter
933 896 1018 968 illu*

19 988 102 1083 staats),
124 1008 154 1065 et
172 999 440 1090 philosophiam
467 1003 511 1070 dr
540 1002 723 1092 religione¹
739 1011 837 1068 certa
850 999 1016 1092 pofitt'vu,

19 1115 68 1188 qnae
76 1090 260 1194 philosophia
277 1098 367 1172 duce
379 1097 563 1198 religionis
578 1097 762 1194 cuiusdam
776 1101 944 1198 positivae
958 1123 1018 1172 ar·
1110 1161 1116 1172 .

24 1208 136 1271 annutans
155 1195 307 1272 illustrat
330 1214 366 1274 et
386 1197 568 1274 constituit
580 1199 626 1298 ⁶).
688 1197 940 1300 Philosophiae
957 1197 1019 1277 hi-

29 1295 79 1364 stuin
94 1295 185 1371 lueet:
219 1301 356 1402 partim
382 1297 616 1403 philosophos
636 1303 796 1374 omniunt
817 1317 1019 1402 temporum

25 1395 138 1472 ssststunes
152 1399 364 1501 religionem
386 1405 495 1480 tuitus
516 1402 582 1478 effe
605 1427 735 1504 eosque
758 1401 856 1478 haud
877 1429 958 1478 raro
980 1405 1021 1478 in

20 1520 40 1564 a
48 1495 189 1594 elaborasse,
216 1518 258 1578 ut
273 1503 402 1603 placita
418 1503 481 1578 sna
493 1529 577 1578 cnm
589 1503 733 1605 publica
750 1505 931 1602 religionis
955 1503 1022 1578 do·

19 1597 75 1668 tutius
84 1603 305 1698 auctiorem,
320 1603 647 1706 partimtheologos
659 1608 685 1678 a'
696 1603 920 1707 philosophia
936 1607 1023 1680 tub·

19 1696 59 1767 inin
74 1699 214 1794 systemati
242 1702 445 1780 meoto'otae
472 1707 686 1780 exstruendo
706 1707 934 1780 tundamenta
959 1735 1023 1809 pe·

19 1795 70 1888 tiss3
93 1829 149 1901 qna
173 1805 313 1881 sactum
343 1833 361 1880 e
399 1857 410 1902 ,
449 1823 490 1882 nt
515 1793 760 1910 philosophiae
784 1811 1023 1882 conversiones

23 1903 129 1980 numnam
151 1904 290 2010 sensper
321 1910 397 1982 vinu
423 1907 642 1985 exseruerint
670 1913 709 1984 in
729 1907 927 2009 theologiae
947 1909 1024 1984 sor-

28 2005 227 2109 m*hirsutaque
248 2011 327 2086 eius
349 2027 598 2110 argumentum
615 2005 668 2110 d).
720 2013 801 2106 Quo
824 2013 937 2108 magis
959 2037 1025 2084 au⁴

31 2107 143 2183 tutusuis
156 2113 380 2212 temporibus
395 2113 575 2214 progressu
596 2114 840 2208 doctrinarum
863 2113 1024 2188 enutriunt

24 2201 258 2285 sinisteritatis
276 2214 533 2316 qualiscunque
555 2213 716 2290 concussa
741 2214 808 2308 est,
841 2230 875 2287 et
896 2215 1027 2286 sunda-

24 2321 88 2400 Μὰ,
105 2313 224 2411 quihus
239 2313 420 2416 theologia
433 2317 520 2390 olim
531 2313 723 2418 superstrui
743 2315 894 2410 solebat,
924 2315 1028 2390 laise-

20 2396 171 2508 suttutnsunt3
197 2405 240 2492 eti
254 2418 400 2516 gravius
413 2417 515 2490 sanae
529 2415 792 2524 philosophiae,
827 2443 898 2517 qua
923 2413 1026 2490 theo*

26 2509 214 2602 ugisrntentior
235 2534 280 2592 ut
299 2517 528 2594 fundamento
546 2521 679 2598 nititur
698 2517 919 2610 solidissimo,
951 2517 1027 2592 stu-

20 2601 68 2682 shn
76 2611 242 2720 theologiae
256 2621 454 2697 cultarilsus
469 2622 709 2696 commendari
722 2620 838 2694 debet.
889 2621 1029 2693 Canen&

18 2699 60 2781 stt]
69 2728 154 2792 samen
166 2722 233 2815 est,
261 2749 307 2795 ne
324 2749 434 2821 genus
457 2723 637 2822 quoddam
658 2721 934 2824 philosophandi
955 2719 1028 2822 spi⁴

20 2809 96 2909 ntsnn,
112 2821 284 2922 religionis
303 2837 338 2898 et
354 2826 496 2898 viantis
520 2823 617 2898 ideas
640 2825 785 2898 omnino
809 2831 1026 2924 pervertens,

18 2921 341 3028 prornraphilosophia
364 2927 631 3028 amplectamur.
683 2925 775 3000 Nam
800 2923 1029 3000 certissimum

19 3006 50 3102 ts,
64 3016 423 3128 nonuiphilosophia
446 3028 511 3101 nisi
534 3025 715 3106 doctrinae
737 3053 897 3118 morum,
924 3018 1029 3100 elaris

16 3115 99 3204 iussim
114 3145 147 3199 uc
166 3130 359 3230 perspicuis
381 3129 587 3206 notionibus
608 3129 814 3221 adstrictae,
845 3129 1030 3229 principa-

20 3221 204 3324 intribuatur,
236 3231 317 3302 fieri
332 3257 403 3302 non
417 3231 530 3332 posse,
564 3233 653 3332 quin
668 3233 836 3304 materiae
858 3235 932 3318 live,
948 3255 1030 3304 cor-
1109 3323 1112 3331 Ι

21 3331 87 3406 istm
101 3327 157 3402 sive
177 3334 377 3405 animarum
400 3333 489 3404 iusto
512 3335 627 3406 maior
650 3333 805 3432 dignitas
828 3331 1028 3430 assignetur,
1068 3409 1072 3416 ,

21 3418 117 3520 instit,
134 3447 169 3504 ut
182 3459 280 3506 error
293 3439 546 3508 Materialismi
562 3431 814 3534 consequatur,
829 3437 930 3508 varia
946 3435 1030 3531 qui*

20 3509 153 3625 susspecta
166 3535 326 3632 indutus,
348 3536 408 3610 sed
423 3538 567 3614 omnino
589 3536 647 3610 vel
667 3535 842 3610 scientiae
855 3536 913 3610 vel
935 3537 1030 3608 vitae
1142 3583 1146 3590 .

20 3633 67 3694 asts
75 3635 213 3724 gerendae
226 3635 404 3712 adversus.
561 3685 564 3694 ·
1003 3664 1017 3736 j
1064 3651 1068 3663 '

45 3785 60 3833 .·
71 3727 196 3812 Tantum
208 3766 293 3814 vero
308 3738 423 3833 alnest,
440 3754 481 3814 ut
495 3731 722 3842 philosophia
735 3731 919 3838 religioni,
937 3757 1032 3836 quae

32 3836 160 3910 unumst
173 3862 290 3914 veram
303 3843 373 3916 Dei
386 3843 604 3940 agnitionem
618 3841 740 3942 erigit,
767 3849 958 3942 repugnet,
987 3848 1031 3915 ut

46 3947 67 3995 tt
78 3931 182 4033 altilia,
206 3969 297 4045 quae
312 3945 378 4018 hut
389 3967 474 4016 vera
487 3943 572 4016 fidei
589 3940 769 4042 religiosae
788 3942 1030 4033 finntlamenta,

30 4045 38 4084 ¹-
47 4025 130 4118 plicari
140 4039 194 4115 sisti
205 4045 336 4145 cupiat.
386 4043 481 4138 Into,
515 4043 611 4144 tpuod
628 4045 678 4116 est
700 4041 857 4116 culturae
878 4035 1031 4116 husmaui
1086 4049 1090 4054 ’

46 4131 103 4240 stru
121 4137 222 4220 sensnm
251 4145 494 4246 progredienti
523 4141 811 4237 cousentaneum,
853 4137 977 4242 religio
1007 4165 1030 4216 a

36 4227 181 4322 utilitatum
194 4247 368 4327 illecebris
390 4262 425 4327 et
447 4245 631 4356 inhonesto
654 4247 818 4330 utilitatis
838 4241 955 4328 studio
975 4243 1030 4319 se-
