2468 5048
18 335 223 448 oclminientie
230 377 370 472 solutio
380 399 449 472 per
463 375 639 473 chrestum
656 377 924 474 consequendae.
950 385 1027 463 496

397 565 545 676 §.1642
611 605 615 613 ·

132 708 438 818 Continentia
472 733 569 778 eum
601 695 825 816 Opissrlsli¹
877 778 912 795 .,
1016 781 1022 804 ·
1058 807 1063 824 x

38 853 147 929 Verbo
171 857 226 929 illi
250 855 373 930 divino
395 856 473 930 vim
498 852 679 958 quandam
705 854 893 934 salutarem
920 856 1028 932 inell‘o

10 972 123 1030 uerunt
136 953 311 1057 theologi,
344 960 476 1058 partim
495 956 714 1046 naturalem,
746 953 879 1059 partim
893 963 1029 1060 super-
1145 1036 1148 1040 ,

10 1065 146 1146 nalem,
184 1059 288 1132 libris
310 1057 516 1154 symbolicis
538 1059 686 1159 quidem
707 1058 806 1135 haud
827 1059 910 1134 latis
932 1062 1028 1136 clare
1112 1055 1115 1062 ’

10 1162 62 1234 ede
80 1187 116 1234 re
134 1159 380 1240 statuentibus.
432 1166 648 1236 Naturalem
663 1185 742 1254 eam
757 1159 954 1252 efficaciam
969 1163 1028 1236 di-

10 1277 78 1354 unt,
103 1285 211 1362 quam
226 1287 452 1336 communem
468 1261 600 1336 habeat
620 1263 783 1336 doctrina
798 1263 920 1336 divina
942 1289 1027 1364 oum

10 1379 133 1436 umento
148 1363 236 1437 libri
253 1365 495 1466 cuiuscunque
516 1380 611 1438 recte
632 1363 775 1465 scripti,
802 1391 951 1468 eumque
968 1365 1026 1438 ‹li-
1136 1415 1140 1422 -

10 1482 83 1538 runt
99 1465 136 1540 in
151 1471 304 1560 logicam
312 1519 324 1550 ‚
348 1471 557 1538 rhetoricam
575 1465 601 1539 l'.
619 1472 841 1564 oesthetieam
857 1484 891 1542 et
906 1497 1028 1542 morea
1132 1549 1136 1560 1

16 1597 26 1648 3
55 1571 362 1662 supernaturalem
382 1583 504 1642 eutem
530 1569 556 1642 l.
579 1565 880 1670 hyperphylicam
907 1561 1027 1666 uomi-
1105 1603 1108 1610 ·

10 1669 208 1742 ivoluerunt
222 1667 398 1743 eiusmodi
411 1671 507 1762 vim,
541 1695 634 1769 quae
654 1669 792 1744 divertit
814 1672 856 1744 fit
877 1697 898 1744 u
920 1688 1026 1748 natu-

24 1770 161 1844 alierum
180 1749 370 1844 noliouum
391 1795 434 1844 ao
452 1769 705 1846 sententiarum
727 1770 885 1846 efficacia
907 1789 943 1846 et
966 1801 1026 1848 re-

10 1871 140 1945 idebeat
156 1898 177 1946 a
195 1873 363 1971 lingulari
376 1871 531 1972 quadam
545 1871 690 1974 spiritus
706 1873 732 1946 l¹
750 1876 958 1973 operatione¹
969 1875 1025 1976 ⁰),

10 1999 42 2044 nr
60 1974 287 2074 posteriorem
309 1975 372 2046 alii
393 1976 433 2046 in
454 1971 645 2046 elevatione
665 1975 877 2076 posueruutt,
905 1978 968 2050 alii
986 1979 1026 2052 in

10 2091 48 2159 u,
70 2076 129 2150 alii
142 2078 182 2150 in
200 2093 317 2148 tractu
331 2073 400 2174 (lo.
417 2091 449 2169 6,
466 2075 566 2175 lt),
592 2078 656 2176 alii
673 2083 820 2175 mystica
833 2078 979 2179 spiritus
995 2078 1023 2155 l.

10 2177 135 2251 tverlto
159 2184 287 2250 unione
304 2177 353 2276 ι).
405 2178 455 2252 Ut
474 2179 709 2271 formularum
730 2177 877 2252 istarum
898 2179 1027 2255 abusui
1092 2215 1096 2224 ⁴

11 2295 167 2375 urerent,
204 2281 281 2354 vim
301 2277 405 2352 verbi
427 2279 501 2354 div.
524 2281 738 2376 effentialem
761 2282 928 2382 quidem,
963 2277 1032 2370 led

11 2385 127 2452 iratam
148 2397 269 2456 temen
289 2379 316 2456 l.
333 2381 453 2454 ordini
471 2385 566 2455 cer‘to
583 2383 787 2458 adstrictam
805 2400 841 2457 et
860 2387 1027 2481 refistibi-

25 2480 79 2556 elle
99 2483 310 2558 docuerunt·
357 2483 492 2558 Verum
507 2484 688 2558 enimvero
709 2511 822 2586 quum
840 2513 912 2562 nee
924 2486 1026 2562 lucri

12 2597 127 2682 ptores,
161 2583 360 2660 efficacium
375 2585 479 2657 verbi
496 2585 612 2660 divini
633 2589 878 2688 praedicantes
898 2585 1023 2686 (Rom.

21 2701 45 2760 6.
78 2701 108 2781 8,
125 2705 158 2765 2.
183 2701 216 2763 3.
249 2685 342 2760 Phil.
360 2692 393 2779 4,
414 2701 471 2762 18.
499 2688 578 2762 coll.
597 2689 647 2762 Io.
666 2703 699 2783 6,
718 2685 820 2787 68),
853 2691 1026 2790 quosipli

12 2813 103 2878 orum
118 2787 360 2864 emendatores
376 2787 487 2864 l'ecuti
500 2789 601 2882 lunt,
632 2789 762 2866 reiecta
778 2791 823 2862 de
840 2791 952 2865 verbo
968 2793 1027 2864 di-
1097 2855 1099 2869 .

13 2896 166 2963 tinterna
190 2891 292 2962 uarie
318 2889 493 2989 appellato
519 2906 553 2963 et
579 2891 758 2992 explicato
782 2890 954 2966 sententia
975 2891 1024 2990 θ),

13 2992 116 3086 rrimen
138 2991 231 3066 illud
253 2990 515 3086 constituerint,
554 2992 724 3064 neolone
749 2993 888 3065 ratione
912 3017 1026 3094 expe-

13 3093 122 3194 titque
141 3095 233 3168 duce
255 3107 379 3185 notae,
413 3093 623 3191 quibusvis
645 3093 707 3165 illa
728 3094 900 3166 naturalis
922 3119 942 3166 a
962 3094 1028 3168 l'u-
1083 3109 1088 3121 '

12 3196 141 3270 oettuali
164 3195 320 3286 discerni
342 3188 466 3296 pollit,
500 3191 829 3296 deprehendentur,
863 3193 936 3269 sola
959 3221 1027 3270 ua-

12 3293 54 3368 dis
73 3296 327 3389 verbodivino
350 3293 508 3370 efficacia
537 3311 632 3370 recte
658 3295 872 3373 vindicatur.
925 3295 1027 3392 Quae

12 3421 65 3469 ere
80 3400 315 3500 percipiatur,
339 3397 443 3472 libris
456 3395 494 3472 ll.
511 3396 701 3497 diligenter
714 3399 881 3498 quidem,
902 3415 1028 3476 utnon

11 3503 181 3575 =cautione
204 3499 359 3600 quadam
379 3501 434 3573 uti
457 3499 652 3594 debemus5
677 3528 722 3574 ne
738 3527 972 3604 quaecunque
986 3503 1028 3576 iu

11 3597 81 3674 isll.
97 3602 280 3702 leguntur,
300 3627 372 3702 ,pro
386 3597 499 3682 verbo
510 3601 634 3675 divino
646 3617 779 3678 temere
794 3604 1026 3703 accipiamus.
1063 3669 1069 3684 ,
1164 3625 1168 3632 ·

11 3723 34 3770 io
46 3705 159 3800 potine
172 3703 490 3802 omnisdiligentia
504 3703 712 3778 ‘collocanda
728 3703 797 3798 est,
830 3720 871 3778 ut
889 3729 1026 3799 eorum,

11 3825 29 3869 :e
42 3804 82 3876 ad
95 3819 222 3888 veram
232 3805 405 3878 virtutem
424 3803 665 3906 pietatemque
681 3805 902 3898 conducunt,
934 3805 1027 3881 iusta

12 3905 76 3976 ntia
93 3931 192 3980 mens
212 3905 397 3980 imbuatur
416 3921 452 3979 et
472 3907 612 3983 animus
633 3932 752 3980 amore
767 3908 837 3980 Dei
853 3904 1026 4008 sensuque
1064 3977 1068 3994 ,

12 4001 125 4080 titoms
140 4007 331 4109 impleatur
348 4021 562 4109 negeturque
578 4005 631 4107 (§.
650 4006 745 4106 ta).
764 4060 767 4068 «
797 4007 964 4083 Ceterum
977 4009 1024 4084 do
1108 4017 1112 4027 “

12 4105 211 4184 νεῑΐάᾞιιίιιε
222 4109 398 4208 dogmatis
411 4109 526 4184 formu
541 4109 789 4204 ecclelit'iltica,
810 4107 1024 4212 atlteologis
1071 4197 1077 4212 κ
1102 4201 1104 4206 ¹

12 4207 183 4290 ennomus
197 4209 486 4314 puffimmerius
499 4209 712 4326 reprehensa
726 4211 788 4314 δ),
819 4208 890 4312 hoc¹
911 4211 1044 4316 potia.
1207 4269 1214 4280 .

1160 955 1179 990 l
