2476 5056
155 284 211 354 De
236 285 365 356 divina
380 284 643 380 scripturas.
669 291 896 375 auctoritates
1007 299 1079 366 188
1154 297 1161 318 ‘

9 461 85 551 inet,
107 453 175 532 sola
190 460 454 536 miraculorum
476 462 574 534 notio
591 486 651 553 ea,
685 489 705 534 o
726 428 870 540 notione
884 485 1009 537 comm
1024 463 1080 534 ti-

8 567 68 630 lica
85 555 133 656 (ὅ.
151 561 237 662 to.)
256 561 433 655 eruenda,
465 587 539 664 qua
561 575 731 666 tanquam
751 579 897 638 eventus
918 565 1080 662 eogitan-
1122 595 1126 612 ·
1165 641 1170 656 ,
1194 566 1196 579 ’

7 681 42 734 tur
60 661 266 756 mirabiles,
308 665 397 764 qui,
435 665 511 737 Deo
534 665 763 758 moderante,
804 667 854 739 ita
881 666 1079 766 comparati

6 779 90 854 erant,
129 779 171 837 ut
195 763 419 865 spectatores
443 766 489 838 ad
512 782 645 848 certam
667 765 912 868 providentiae
934 765 1079 844 divinae
1162 761 1166 774 ’

5 863 162 938 efficaciam
177 866 446 966 agnoscendam
460 869 618 943 excitare
631 893 762 970 eosque
779 869 825 942 ad
840 868 949 942 tidem
965 895 1077 943 novae

6 965 152 1038 cniusdam
170 969 367 1078 religionis
384 969 521 1043 doctori
537 967 740 1044 habendam
756 972 909 1044 invitare
931 967 1075 1072 pollent.

9 1067 150 1140 l'iosmodi
163 1069 368 1163 miracula,
388 1071 551 1172 quamvis
566 1095 653 1144 aero
667 1072 812 1146 rudiore
826 1098 847 1146 a
854 1075 1077 1170 supernatu-

12 1175 84 1240 nliet
99 1176 323 1244 immediato
337 1173 406 1246 Dei
422 1166 669 1274 cooperatione
682 1189 935 1282 repeterentur,
957 1201 978 1247 e
993 1175 1077 1248 fim-

14 1269 59 1364 pl'ci
69 1286 184 1348 tamen
200 1273 366 1350 naturali
378 1299 498 1350 rerum
515 1273 651 1368 ordine,
666 1275 743 1349 Deo
756 1275 972 1370 moderante,
990 1301 1085 1378 pro-.

12 1368 82 1462 dide,
112 1375 190 1448 iam
208 1375 392 1450 dubitare
402 1403 473 1450 non
490 1375 585 1451 licet.
639 1375 796 1454 Omnino
809 1379 1005 1472 miracula,
1029 1377 1075 1454 de

9 1471 143 1568 religionis
154 1471 386 1551 Christianae
402 1478 539 1578 origine
554 1479 594 1551 in
608 1477 653 1553 N.
670 1481 717 1554 Τ.
732 1479 836 1554 libris
851 1481 979 1572 relata,
1004 1479 1075 1554 five

9 1578 243 1660 proventibus
261 1582 601 1676 supernaturalibus
621 1571 810 1676 habueris,
842 1584 912 1654 live
933 1607 1001 1682 pro
1021 1581 1075 1654 es-

12 1673 71 1744 setis
90 1685 342 1776 naturalibus,
381 1673 474 1786 quac*
497 1683 723 1784 providentia
747 1683 870 1756 divina
898 1682 1074 1784 sapienter

13 1775 205 1876 substituit,
241 1799 288 1860 ut
310 1783 356 1856 ad
377 1785 466 1860 fines
487 1784 641 1886 optimos
658 1783 920 1887 consequendos
938 1783 1074 1860 condu-

13 1892 103 1972 stffflt,
142 1883 974 1987 ipsopraeeunterristo(Matth.12,881s.
1014 1901 1072 1980 16,

13 1986 91 2052 Η.
116 1983 166 2059 Io.
181 1995 219 2080 4,
236 1997 299 2084 48.
323 2001 435 2080 ,7,17.
464 1999 498 2080 8,
517 2003 575 2064 81.
608 1987 779 2086 14,11.),
804 2003 964 2062 nontam
979 1987 1073 2062 inter

15 2097 172 2172 sgunrenta
180 2145 192 2180 ,
216 2115 332 2189 quam
346 2090 439 2161 inter
453 2089 684 2163 incitamenta
700 2090 944 2164 multitudinis
955 2089 1073 2163 incul-

15 2175 71 2250 lois
85 2179 127 2258 ad
142 2193 338 2264 veritatem
361 2189 658 2290 cognoscendam,
688 2208 783 2268 recte
803 2192 1005 2266 referrmtur
1017 2189 1069 2288 l¹).

14 2272 249 2388 blinstitutione
273 2291 439 2394 populari
456 2293 702 2368 narrationum
715 2292 953 2388 bdrlicarum,
978 2319 1071 2368 (uae

14 2388 138 2462 macula
158 2393 342 2488 referunt,
376 2391 458 2468 risus
474 2395 656 2496 practicus
672 2397 791 2495 potius
806 2395 936 2496 respici
951 2321 1070 2488 debet,

14 2499 82 2572 unm
101 2517 183 2567 vera
205 2519 332 2570 rerum
357 2511 581 2570 narratarum
604 2496 760 2589 indoles,
793 2499 854 2572 cui
878 2497 1070 2596 exploran-

13 2573 138 2796 ming
154 2595 288 2672 seculis
308 2597 571 2706 praeterlapsis,
603 2597 733 2738 frustra
753 2597 827 2674 sere
843 2623 989 2750 operam
1002 2597 1069 2674 da.

35 2859 53 2924 o)
68 2865 134 2923 cte.
148 2872 185 2926 rle
199 2873 328 2932 divinat.
348 2877 389 2930 11.
408 2883 451 2938 aa.
475 2875 654 2950 „Quidquid
668 2873 783 2944 amtor,
802 2876 1005 2956 qualecunque
1018 2875 1068 2942 ets,

55 2951 152 3006 c{tusum
171 2975 189 3010 a
206 2968 317 3013 natura
333 2959 443 3014 habeat
460 2959 574 3012 neeesse
589 2961 645 3026 cn,
662 2967 695 3014 ut
708 2960 812 3028 etiarn,
830 2959 851 3010 ss
867 2967 986 3028 praeter
998 2975 1069 3010 eoa·

57 3031 221 3096 suetudinem
240 3043 395 3111 extiterit,
424 3051 545 3113 praeter
561 3052 700 3096 naturam
722 3051 824 3096 tamen
839 3059 901 3096 nou
918 3039 1002 3111 possit
1020 3057 1069 3096 ex·

57 3114 144 3174 sistere.
178 3127 304 3181 Causam
328 3126 423 3197 igitur
439 3115 624 3196 ‘investigato
642 3127 675 3188 in
693 3145 727 3181 re
744 3143 819 3180 nova
835 3135 866 3180 et
884 3126 1067 3198 admirabili,

60 3199 170 3272 fipotes.
207 3211 237 3264 Si
256 3212 370 3264 nullam
388 3211 533 3280 reperies,
550 3211 625 3264 illud
637 3221 737 3264 tamen
750 3211 932 3278 exploratum
948 3210 1067 3278 habeto,

57 3281 199 3352 nihilfieri
217 3295 349 3366 potuisse
367 3295 428 3347 fine
446 3297 551 3363 causa,
581 3313 707 3367 eumque
725 3311 873 3362 errorem,
903 3293 1066 3366 quemtihi

59 3369 212 3430 reineritas
231 3379 390 3446 attulerit,
414 3387 537 3434 naturae
560 3377 677 3432 ratione
699 3378 879 3452 depellito.'’
913 3381 1067 3434 Ammon

62 3453 119 3510 ΒῐΗ.
134 3459 228 3518 Theos.
248 3465 288 3518 11.
311 3479 361 3532 542
374 3465 406 3518 ss.
443 3463 474 3518 Si
492 3462 719 3526 Pharisaeorum
737 3462 895 3534 discipuli,
919 3481 1013 3534 aeque
1030 3482 1066 3517 ao

61 3534 108 3612 sss?
122 3545 271 3617 religionis
290 3549 360 3602 Chr.
380 3557 502 3616 auctor,
532 3547 689 3601 daemones
707 3548 1066 3615 eiiciebant(Matth.1n,

64 3634 95 3686 ss·
113 3626 319 3703 Luc.1r,19.),
343 3617 540 3703 nullomodo,
548 3632 679 3703 dignosci
697 3642 832 3702 poterat,
856 3632 978 3703 quinam
995 3633 1067 3684 else·

64 3713 114 3760 etur
128 3727 143 3763 a
158 3717 391 3787 supernaturali,
414 3717 464 3788 qni
482 3734 499 3771 a
517 3715 652 3770 naturali·
667 3717 841 3786 pependerit
857 3717 958 3779 oausa;
988 3717 1066 3770 unda

67 3805 111 3846 non
122 3799 186 3854 adeo
199 3802 435 3874 reprehendendi
450 3804 518 3857 sunt
531 3802 649 3868 Iudaei,
669 3802 737 3873 qui,
754 3812 788 3855 nt
799 3791 1013 3856 miraculorum
1027 3801 1065 3854 ab

67 3873 115 3930 lesu
130 3895 308 3951 patratorum
321 3887 468 3956 originem
481 3903 552 3940 vere
564 3885 689 3940 disinmn
704 3888 931 3956 cognoscerent,
949 3890 1066 3955 σημεῖον

69 3960 159 4032 ³1¹1quod
174 3973 203 4025 sa
219 3975 269 4044 roi
287 3970 407 4046 οὐρανοῦ
426 3969 478 4026 sihi
495 3973 658 4041 poscerent.
675 3974 759 4038 (Luc.
776 3989 817 4040 ιι,
834 3973 888 4039 26.)
924 3971 1065 4030 Similiter

68 4037 131 4137 Mfgi
145 4055 311 4127 Aegyptiaci
328 4057 471 4112 miraeus·
488 4055 640 4127 patravisse
663 4056 873 4126 perhibentur,
905 4055 983 4114 baud
1000 4055 1067 4112 sara

70 4139 176 4208 mucra,
191 4135 365 4213 quinquae
379 4141 478 4197 Moto
490 4139 797 4212 portenderentur·
815 4140 882 4207 (¹3¹-
895 4156 924 4214 se
940 4157 969 4198 ¹²
982 4141 1029 4212 Β)
1145 4215 1150 4220 .
