2468 5048
13 346 133 418 cdirino
145 343 219 439 inst.
227 295 478 452 sescundum.
488 338 690 432 portem.
706 279 937 434 reperiendae.
962 347 1035 437 m
1069 397 1072 408 .

12 520 117 622 scopi,
144 517 257 612 hona,
289 539 383 618 queo
404 512 579 616 putabant
597 539 640 592 ac
656 513 851 612 vocabant,
877 543 986 622 opero
999 519 1041 603 in

12 625 107 697 closae
129 637 162 698 et
186 619 399 698 clericorum
425 615 655 692 commodum
675 617 790 713 sacta,
826 620 912 696 indo
936 645 959 694 a
984 622 1040 714 rei

12 725 159 800 rril'tiaoae
173 719 381 824 primordiis
397 717 639 797 aChristianis
652 720 740 796 talla
756 723 885 798 iactata
894 777 906 818 ,
930 737 967 797 et
982 725 1041 803 ri·

11 851 220 924 {noruntque
231 820 449 915 emendatio,
472 820 520 894 alr
529 821 606 896 lesu
616 819 756 897 Chrillo
770 825 809 898 in
823 821 922 900 hunc
935 824 1041 905 usum

11 921 380 1024 montesancto.
400 921 445 998 al.
472 917 506 1022 §.
527 921 633 1022 187.)
654 938 762 1026 atque
782 925 962 1010 solacnm
981 955 1042 1004 re·
1106 997 1109 1003 .

11 1030 213 1130 teognitioue
231 1027 276 1100 de
295 1025 424 1104 morali
440 1021 599 1100 hominis
614 1026 754 1126 Deiquc
775 1044 900 1104 naham
917 1031 1040 1122 conci-‚-

11 1135 73 1206 uda,
98 1127 405 1226 (luenindrnodum
416 1153 500 1200 vero
511 1128 701 1230 scriptores
711 1127 748 1204 ll'.
764 1130 930 1232 inprimis
940 1158 1041 1208 mor-

10 1263 26 1306 r
37 1233 103 1308 lesu
117 1231 248 1308 Christi
262 1257 346 1306 cum
360 1227 544 1305 sacrificiis
557 1231 659 1308 vario
674 1231 780 1308 modo
796 1251 1040 1336 comparatam

20 1339 143 1410 veniam
165 1335 394 1437 peccatorum
413 1330 611 1434 parandam
630 1330 774 1408 valuisse
795 1333 942 1432 docent,
979 1363 1039 1415 ta·

10 1439 87 1512 diato
108 1455 321 1538 quacunque
342 1435 382 1510 in
403 1433 620 1536 explicando
640 1435 748 1509 modo
772 1450 880 1536 atque
899 1439 1040 1526 radone

10 1543 112 1640 gnatis
131 1539 327 1618 subtilitate
350 1551 386 1610 et
410 1536 527 1610 forma
550 1535 761 1612 artificiosa:
804 1538 856 1614 ita
879 1554 916 1618 ct
942 1543 1040 1618 anti·

9 1647 82 1718 iores
93 1642 253 1718 ecclesiae
268 1636 466 1716 catholicae
480 1637 661 1732 doctores,
689 1635 891 1719 conservata
906 1641 1039 1722 dictio-
1065 1670 1069 1680 ’

9 1747 103 1820 ιίΙΙὶιιε
117 1745 305 1846 figuratae,
322 1743 362 1814 in
370 1741 415 1816 N.
426 1741 473 1816 T.
489 1739 716 1842 conspicuae,
735 1741 970 1844 ambiguitate
982 1744 1040 1848 ⁰),

9 1849 43 1920 ul
61 1848 244 1948 diligenter
267 1844 552 1944 acquisiverunt,
592 1868 666 1944 quo
690 1843 911 1944 potissimum
934 1847 1040 1936 senile

9 1951 73 2024 culi
97 1950 202 2024 instar
223 1949 302 2023 Deo
328 1945 425 2046 patri
451 1944 566 2046 oblati
591 1971 688 2020 mors
711 1943 844 2022 Christi
864 1947 946 2024 esset
969 1949 1039 2028 ha·
1156 1987 1158 1995 ·

8 2053 75 2145 oda,
99 2078 209 2152 neque
224 2075 341 2126 unum
356 2045 537 2147 quoddam
554 2048 767 2148 primarium
782 2049 838 2122 vel
853 2051 1038 2142 consilium

8 2153 168 2228 {effectum
182 2155 260 2234 eius
273 2165 641 2226 conamemoraverrmt
657 2146 707 2248 ὅ).
734 2148 948 2254 Quanquam
964 2181 1037 2250 non

8 2272 54 2330 rte
67 2255 190 2350 solum,
211 2253 274 2328 sed
288 2253 396 2327 etiam
407 2250 576 2325 docendis
587 2247 797 2326 hominibus
813 2265 848 2328 et
864 2253 910 2328 ad
918 2257 1038 2334 Deum

8 2359 138 2432 rorantis
147 2355 329 2433 Christum
341 2355 486 2428 omnino
498 2353 667 2428 meritum
681 2353 747 2428 else
762 2353 806 2428 de
822 2381 952 2455 genere
964 2355 1038 2444 hu-

7 2487 47 2532 no
67 2461 242 2562 praeclare
264 2455 510 2559 compluribus
528 2455 617 2530 locis
638 2453 833 2534 ostenditur
847 2455 904 2556 ⁶);
934 2457 1036 2540 hand

8 2565 49 2634 aci
68 2580 179 2636 tamen
199 2563 347 2634 Petrum
363 2557 470 2652 eccl,
504 2558 640 2660 quippe
660 2558 726 2660 qui
744 2558 1038 2663 daemonologiae

7 2663 165 2738 dioliffimi
179 2663 305 2755 essent,
330 2664 370 2736 in
386 2687 427 2734 eo
445 2676 704 2754 convenerunt,
731 2675 772 2734 ut
788 2662 865 2736 Iesu
887 2677 1035 2744 erar*

7 2769 125 2858 ρώπου
145 2765 186 2866 ὀ)
203 2773 363 2844 ‚mortem
379 2753 542 2842 debitum
558 2761 704 2862 aliquod
719 2763 951 2841 redemtionis
965 2763 1035 2840 ho-

7 2893 74 2942 num
87 2873 242 2968 pretinm
257 2863 356 2940 l'uill'e
372 2863 635 2958 existimarent,
669 2864 787 2964 quod,
821 2891 936 2966 quum
951 2854 1035 2944 ellat

7 2967 80 3048 tholo
96 2969 331 3072 persolutum,
358 2965 405 3042 ab
421 2967 497 3040 eius
514 2968 667 3067 imperio
684 2980 719 3042 et
735 2968 907 3066 potestate
927 2967 1036 3045 item-

7 3093 49 3142 ea
63 3089 170 3146 morte
189 3087 331 3145 aeterna
353 3069 433 3148 illos
457 3066 690 3167 liberaret‘).
743 3069 830 3142 Inde
854 3093 875 3142 a
896 3067 965 3144 sec.
982 3069 1048 3147 IV.

12 3171 50 3264 t,
83 3174 124 3251 de
144 3171 248 3252 causa
270 3187 305 3248 et
328 3170 526 3266 necessitate
550 3167 774 3246 mortis'lcsu
798 3167 930 3246 Christi
953 3170 1035 3248 aliis

7 3285 46 3346 ter
63 3273 309 3369 statuentibus,
348 3274 512 3376 plerique
533 3273 611 3348 Deo
635 3272 792 3374 pretium
813 3273 1035 3350 redemtione

7 3389 89 3450 atum
107 3379 171 3454 elle
193 3376 403 3454 censuerunt
418 3374 485 3473 J);
543 3400 590 3450 ua
610 3368 654 3448 de
674 3401 714 3449 re
737 3390 856 3450 tamen
878 3373 946 3453 sec.
970 3377 1035 3452 ad-

7 3479 103 3570 chl
128 3481 222 3568 inter
248 3481 366 3556 Petr.
395 3401 710 3557 Abaclardum
734 3493 769 3551 et
795 3475 1036 3552 Bernhar-

7 3601 47 3652 mt
64 3581 480 3657 Claraevallenl'em
501 3578 740 3680 disceptatum
760 3578 830 3674 cst,
864 3579 927 3653 illo
952 3581 1035 3680 qui-

7 3701 29 3749 m
42 3682 278 3780 posteriorem,
304 3680 375 3757 hoc
391 3683 550 3785 priorem
565 3705 716 3782 eamque
732 3682 971 3781 antiquiorem
985 3681 1033 3756 dc

7 3783 141 3858 mnibus
162 3813 226 3887 per
246 3799 398 3859 mortem
418 3781 550 3861 Christi
576 3811 596 3856 e
623 3782 793 3884 potestate
813 3781 953 3874 diaboli
975 3809 1034 3856 re-
1094 3852 1099 3866 ,
1151 3831 1155 3842 ,

7 3885 67 3956 ntis
89 3885 290 3961 sententiam
311 3885 530 3960 defendente.
589 3886 662 3960 Etsi
686 3884 769 3958 satis
793 3897 931 3956 mature
957 3884 1032 3958 iam

7 3986 107 4060 'nimae
123 3991 286 4090 antiquae
301 4016 323 4062 e
336 4016 375 4062 re
390 3987 487 4062 sacra
501 3989 672 4089 repetitae
685 4013 767 4060 cnm
780 3983 943 4088 formulis
957 4011 977 4058 e
991 4013 1032 4060 re

7 4087 65 4162 'ens
78 4089 282 4192 depromtis,
310 4091 355 4165 ad
370 4089 448 4168 illas
464 4091 630 4190 proxime
647 4083 914 4179 accedentibus,
942 4113 1030 4160 con-

7 4202 78 4266 ictae
89 4193 143 4274 rel
152 4209 384 4278 commutatae
397 4191 556 4289 sueram,
573 4207 609 4270 et
621 4190 699 4293 ipsa
711 4188 809 4264 notio
819 4185 1030 4266 satisfactio-
