2468 5048
182 403 265 475 aaa·
397 352 616 473 *raram
672 375 833 494 capra
884 395 919 495 t.
948 402 1031 476 rto.

180 571 316 648 maiore
333 565 555 678 oblervantia
569 574 716 676 dignam
736 573 898 676 putabit,
929 601 1038 676 quam
1050 575 1105 674 qui
1123 599 1154 647 ea
1171 577 1195 646 ri

98 715 102 732 ι
180 677 253 748 lata
279 675 521 776 subterfugere
544 673 696 778 poenas,
731 679 938 777 Deumque,
974 667 1060 776 legis
1084 693 1184 750 aneton

179 776 361 875 interdum
392 779 506 852 al'uis
534 780 642 878 ipsius
666 779 807 878 legibus
829 795 865 852 et
888 804 908 849 a
931 778 1066 852 iustitia
1087 778 1196 850 delcilo:

179 877 274 979 polle
291 880 474 981 opinatur.
525 881 709 954 Praeterea
730 881 953 982 experientia
980 879 1096 972 docet,
1126 881 1197 980 pub

178 981 311 1054 lienem
331 979 519 1054 hominum
533 981 577 1054 de
600 978 830 1084 peecatorum
854 980 1056 1055 remiffione
1077 981 1213 1053 ablolnu

179 1081 389 1184 nequissimo
404 1109 548 1183 quoque
560 1085 729 1158 facillime
744 1081 956 1176 obtinenda,
976 1084 1158 1156 maximam
1170 1083 1199 1150 lu
1217 1127 1218 1130 =

178 1208 246 1283 per
275 1211 386 1258 verae,
411 1187 537 1257 virtuti
569 1202 606 1260 et
634 1187 809 1288 probitati
834 1185 1087 1258 detrimentum
1113 1184 1202 1256 attuli}

116 1338 119 1344 ·
178 1283 423 1360 Nihilominus
444 1287 545 1381 notio
557 1290 680 1360 veniae
693 1303 943 1393 peccatorum,
967 1286 1148 1372 dummodo
1161 1302 1205 1355 ar

177 1387 396 1486 quibusdam
417 1389 595 1462 limitibus
620 1388 781 1463 restricta
802 1389 932 1481 fuerit,
964 1414 1049 1462 cum
1065 1387 1180 1490 ,iustitia
1194 1385 1213 1450 di

177 1490 263 1560 vina
282 1489 579 1564 bene=oonciliari
601 1491 776 1590 lanaeque
804 1491 938 1563 rationi
969 1491 1099 1590 optime
1129 1487 1205 1590 prol·

177 1589 273 1692 polle
286 1589 439 1672 videtur.
491 1594 587 1665 Deus
609 1589 815 1666 iui'tiilimus
842 1587 916 1690 (ξῇ.
938 1605 998 1668 70.
1025 1589 1103 1689 71.)
1111 1647 1121 1682 ,
1145 1612 1220 1686 quon,

97 1775 131 1790 ,ἢ
177 1693 371 1766 admodum
402 1716 486 1767 eum
509 1696 653 1767 virtutis
676 1693 792 1766 studio
820 1691 935 1786 bona,
976 1695 1030 1765 ita
1053 1717 1128 1766 eum
1149 1688 1214 1788 prus

175 1795 329 1868 consdiis
351 1795 545 1896 factisque,
578 1797 714 1897 quippe
738 1794 835 1867 nullo
857 1793 964 1867 modo
989 1819 1012 1865 a
1025 1795 1098 1866 Deo
1119 1791 1177 1891 ipio
1195 1793 1213 1856 i.

175 1896 268 1970 fecta
288 1895 393 1980 reddi
418 1891 575 1998 poliunt,
608 1899 689 1996 lege
707 1896 939 1970 irrevocabili
962 1895 1058 1968 mala
1082 1895 1219 1986 eonion]¹

175 1998 392 2098 Quicunque
409 2001 517 2072 evita
533 2001 656 2102 turpi„
676 2023 749 2098 qua
765 2021 896 2097 poenas
909 1996 978 2070 fibi
1001 1997 1178 2075 contraxit,
1201 2043 1203 2054 .

177 2101 346 2173 virtutem
368 2100 565 2192 emerserit,
583 2104 631 2173 -is
656 2101 780 2172 eadem
807 2101 946 2192 ratione
973 2123 1016 2172 ae
1040 2099 1210 2199 proporti'·

175 2225 248 2300 qua
263 2203 389 2274 iamin
402 2204 545 2276 virtutis
560 2201 675 2274 studio
697 2201 896 2305 progrell'us
912 2199 1043 2294 fuerit,
1069 2200 1107 2272 in
1124 2199 1191 2297 grati

62 2351 69 2366 .
174 2328 260 2378 oum
274 2306 349 2377 Deo
371 2303 549 2396 reversus,
582 2303 630 2376 ab
653 2304 777 2375 eodem
797 2303 967 2402 praemiis
986 2299 1221 2402 dignus-tuto

45 2451 53 2468 =
141 2459 146 2472 .
173 2403 285 2478 bitur.
338 2405 405 2478 His
422 2420 540 2480 autem
555 2406 723 2506 praemiis
739 2404 876 2478 suranna
891 2429 1086 2504 poenarum
1100 2415 1130 2475 et
1143 2399 1221 2494 culpi

170 2506 214 2578 in
236 2507 310 2578 vita
332 2530 442 2606 pram
458 2522 719 2581 contractarum
734 2507 917 2579 minuetur
937 2521 974 2577 at
1002 2531 1048 2578 ue
1071 2502 1214 2578 elevabit:

176 2621 213 2680 et
226 2607 342 2699 Deus,
366 2634 485 2707 ,quem
504 2635 570 2708 pro
593 2607 728 2682 iustitia
742 2606 804 2680 lua
817 2607 961 2678 virtutis
975 2533 1143 2694 lindum,
1167 2628 1196 2698 (μ’

150 2779 153 2800 Ι
173 2708 267 2781 uires
282 2705 458 2782 humanas
472 2709 641 2802 excedat,
672 2733 901 2809 nequaquam
922 2705 1098 2808 postulare
1112 2705 1218 2777 imbo-

95 2809 96 2816 ’
172 2807 339 2911 litatique
361 2812 437 2884 eius
461 2812 603 2884 innatae
622 2811 717 2884 ultro
741 2811 942 2906 condonare
962 2825 1059 2884 recte
1081 2807 1212 2881 iteruin·

43 2927 50 2940 '
123 2949 128 2965 ·
172 2936 246 2983 non
275 2897 468 3012 efingulis'
486 2911 705 3013 quibusdam
727 2911 822 2984 vitae
846 2913 1037 2984 momentis
1064 2935 1104 2983 ae
1128 2909 1217 3001 lingo·

171 3012 391 3113 quibusdam
404 3014 494 3087 bene
508 3015 631 3104 factis,
651 3013 712 3088 sed
729 3040 778 3085 ex
789 3014 1009 3090 totius'vitae
1025 3028 1137 3088 tenore
1147 3006 1201 3079 lun¹
1212 3041 1222 3104 ·,

131 3187 133 3192 .
171 3140 260 3186 num
281 3114 491 3216 dignitatem
515 3115 686 3191 moralem
709 3113 917 3209 aestimans,
954 3113 1128 3216 peccatori
1144 3113 1215 3201 reip·

171 3215 283 3288 sconti
306 3217 435 3291 sortem
457 3233 635 3296 aeternam
655 3212 748 3289 iusta
772 3215 874 3290 lance
894 3215 1123 3316 ponderatam
1135 3226 1161 3283 et
1172 3235 1189 3279 o
1198 3233 1216 3272 ιε

145 3315 330 3414 ,stitutum
343 3319 494 3410 tribuet,
526 3334 632 3418 atque
642 3375 659 3412 ,‚
686 3331 794 3417 prout
814 3313 899 3390 vera
919 3318 1035 3391 virtus
1056 3332 1090 3391 et
1105 3339 1170 3390 cun
1182 3307 1194 3376 l

131 3469 140 3484 t
169 3416 274 3489 limul
291 3417 505 3492 conscientia
525 3420 687 3492 melioris
702 3421 851 3518 Deoque
869 3419 1043 3520 probatae
1060 3415 1214 3492 condition

115 3599 121 3604 .
140 3567 145 3582 x
169 3517 209 3591 in
224 3517 348 3594 animo
360 3522 556 3620 peccatoris
573 3519 740 3612 crescent,
765 3521 829 3612 ita,
855 3546 1053 3621 poenarum
1068 3519 1215 3592 fumare.

169 3633 268 3691 metu
288 3621 470 3720 mitigato,
500 3622 635 3695 fiducia
656 3636 692 3696 et
712 3620 791 3723 spes
813 3623 971 3696 laetioris
992 3622 1092 3695 l'ortis
1112 3618 1140 3691 ei
1156 3619 1214 3717 rell·

168 3733 314 3796 tuentur
329 3721 402 3821 ο).’
434 3725 548 3799 Venia
570 3724 684 3822 igitur
705 3737 936 3827 peccatorum
955 3738 1050 3798 recte
1069 3719 1185 3823 ponitur
1196 3733 1214 3776 u

168 3825 393 3896 converlione
409 3826 544 3924 gratiae
559 3823 703 3898 divinae
717 3823 763 3896 ad
778 3838 1002 3926 peccatorem
1016 3819 1212 3924 refipilcentu:

167 3937 204 3996 et
217 3936 352 4023 poenae
366 3927 619 4002 imminutione
634 3953 701 4027 pro
718 3929 857 4001 ratione
875 3926 1057 4026 dignitatis
1069 3918 1182 3998 moralis
1193 3935 1212 3977 1³

166 4025 372 4101 universum
394 4028 578 4102 iustisfime
595 4027 752 4102 definita.
804 4028 929 4116 Probe,
941 4043 1058 4103 tamea
1072 4016 1210 4099 notando

166 4124 234 4217 eit,
277 4144 523 4227 peccatorem,
565 4131 637 4230 qui'
652 4128 699 4202 ad.
722 4128 912 4222 ,meliorem
942 4130 1079 4229 frugem
1103 4113 1209 4197 rudiori.

165 4227 266 4301 mdo
282 4229 392 4304 modo
412 4231 459 4306 ad
484 4257 567 4366 cupa
590 4232 771 4313 beatitatis
791 4231 944 4333 gradum
962 4228 1130 4332 pervenire
1140 4213 1208 4320 pullu
