2486 5054
322 395 379 506 De
404 395 673 470 Deo-maures
965 383 1042 474 'ato

8 566 312 644 lunense-'rerum
341 584 469 660 nauus
498 565 735 672 conspicitur,
767 579 797 644 'a
820 569 939 644 tainus
959 573 1059 672 pers¹

8 675 57 748 ctis
70 687 166 772 atque
179 670 440 773 praestantibus
456 671 503 746 ad
541 673 727 747 erfectiora
738 685 773 744 et
788 671 1043 790 praestantiora

8 772 213 872 ntinuaserie
227 773 444 874 procedens,
476 697 540 846 sed
564 776 673 848 etiam
695 772 835 846 infinita
850 797 1043 876 corporum

8 873 163 968 telestium,
189 875 324 980 quibus
331 929 343 970 ‚
367 876 456 949 licut
477 873 560 950 orbi
580 890 775 968 terrarum,
807 873 964 950 santanae
986 875 1043 949 sa·
1134 923 1138 930 ι

8 979 100 1049 {entiae
122 991 156 1049 et
174 975 408 1077 benignitatis
426 975 569 1050 divinae
589 976 799 1050 documenta
821 977 927 1052 inesse
946 991 1043 1053 reete
1127 1045 1132 1064 ‚

8 1092 130 1170 tantur,
170 1077 385 1172 multitudo,
424 1102 492 1152 nee
521 1077 641 1154 minus
663 1079 776 1150 animi
798 1075 949 1153 humani
972 1080 1044 1158 ime

8 1179 138 1251 ortelitas
153 1180 483 1279 animarumquein
496 1178 677 1254 infinitum
690 1179 908 1281 progressus,
934 1205 1043 1282 argu-

8 1283 68 1354 unta
93 1279 329 1356 reticulatis
351 1278 556 1382 probabilia
576 1280 778 1356 ministrant
791 1279 845 1380 ⁰).
898 1281 1043 1356 Nihilo-

8 1381 66 1454 hus
83 1382 174 1482 apud
193 1382 370 1483 plurimas
409 1393 524 1476 entes,
558 1408 651 1485 quae
673 1398 819 1484 naturas
840 1383 1044 1485 spirituales

8 1497 47 1554 ter
70 1483 289 1558 divinitatem
320 1497 356 1557 et
385 1407 647 1560 humanitatem
676 1485 814 1560 medias
845 1487 944 1588 quali
974 1487 1043 1562 libi

8 1600 137 1680 exerunt,
177 1582 270 1661 haee
301 1583 426 1659 ideae
450 1583 695 1680 Polytheismo
723 1587 844 1688 potius
867 1603 951 1662 nata
975 1585 1043 1663 esso

8 1683 118 1770 {leun
149 1687 203 1760 De
227 1701 357 1760 natura
379 1701 500 1760 autem
521 1701 557 1761 et
582 1685 710 1764 officiis
731 1689 907 1765 eiusmodi
934 1689 1044 1793 spiri-

8 1813 54 1858 un
63 1787 157 1886 longe
171 1789 243 1862 alia
256 1789 298 1863 in
312 1787 418 1862 libris
431 1785 470 1862 ls.
489 1785 768 1892 deprehenditur
780 1791 890 1887 notio,
906 1793 1043 1894 quippe

9 1889 39 1958 ni
54 1889 243 1966 incultioris
268 1890 456 1990 ingenium
477 1889 524 1966 ad
552 1888 756 1995 phantasiae
777 1891 935 1984 ludibria
955 1921 1042 1996 pro-
1106 1957 1108 1966 ,

9 1989 47 2060 ire
65 1991 229 2085 reserens,
273 2016 384 2091 quam
408 2015 500 2090 quae
522 2015 546 2065 a
568 1989 795 2095 philosophia
816 1995 1042 2072 informatur.

11 2091 79 2206 ageli
101 2093 284 2191 (ἄγγελοι,
307 2081 497 2198 ῦᾞῂῑξ)
518 2109 693 2169 vocantur
714 2120 734 2168 a
754 2096 987 2200 scriptoribus
1003 2097 1046 2186 ss,
1186 2092 1192 2105 '

10 2213 105 2285 inune,
136 2194 255 2294 quod,
290 2195 391 2268 vario
414 2189 521 2267 inodo
542 2194 771 2298 usurpatum,
797 2225 833 2274 r.
850 2225 882 2275 c.
905 2199 952 2273 ad
975 2224 1042 2274 na·
1072 2260 1078 2275 .

11 2317 53 2363 nae
67 2291 303 2395 phaenomena
316 2293 458 2370 insolita
473 2303 580 2398 atque
594 2300 780 2399 repentina
799 2295 872 2400 (Ps.
894 2315 952 2396 78,
977 2311 1038 2380 to.

11 2401 45 2488 tt,
59 2394 117 2494 4.),
140 2397 334 2503 prophetas
351 2393 463 2498 (Hag.
483 2409 515 2492 1,
535 2413 594 2476 1a.
617 2399 705 2475 Mal.
725 2416 758 2495 8,
778 2401 960 2479 1.Manh.
981 2419 1042 2502 11,

11 2507 30 2568 s.
50 2497 146 2573 Marc.
167 2516 201 2594 1,
231 2516 267 2576 e.
299 2500 390 2574 Luc.
407 2514 442 2593 r,
469 2497 572 2600 aa),
603 2498 800 2592 sacerdotes
826 2502 931 2603 (Mat.
950 2523 985 2602 e,
1004 2521 1040 2584 7.

12 2595 95 2691 celo,
119 2599 191 2700 5.)‚
225 2602 377 2677 nuncios
400 2603 545 2702 quosvis
566 2602 811 2702 significandos
836 2607 960 2702 (Num.
980 2621 1041 2706 20,

11 2703 88 2774 tto.
117 2703 179 2775 los.
199 2701 312 2798 6,,17.
347 2703 436 2778 Luc.
457 2717 492 2796 7,
512 2710 571 2779 24.
607 2719 642 2799 9,
664 2704 763 2800 68),
795 2707 955 2785 officium
974 2735 1042 2814 po-

12 2821 36 2868 n
48 2826 140 2898 quam
153 2820 319 2892 naturam
332 2801 632 2904 designat‘fflehr.
649 2821 683 2900 1,
701 2808 779 2901 142)
792 2805 839 2903 ὅ).
870 2811 977 2886 Libri
988 2813 1041 2910 ts,

11 2899 150 2994 pinianem
164 2906 208 2979 de
223 2905 358 3006 angelis
382 2931 447 3008 pro
464 2907 686 3010 temporibus
702 2906 799 2984 haud
814 2906 969 2988 multuni
984 2914 1042 2990 di·

11 2998 86 3075 nsam
105 3003 314 3082 exhibentes
327 3003 381 3106 ι),
415 3031 580 3096 εοεγθτθ
597 3009 680 3103 else,
713 3026 792 3089 tum
812 3011 939 3087 diserte
962 3041 1042 3089 mo-

11 3116 48 3172 nt
58 3132 86 3177 v.
100 3132 128 3180 ο.
145 3108 225 3183 lob.
245 3116 280 3201 4,
300 3121 358 3184 1a.
386 3109 467 3184 Act.
486 3123 545 3202 aa,
565 3124 599 3186 a.
614 3108 756 3186 Manu
775 3129 834 3206 se,
853 3117 988 3192 ⁵0:10.
1007 3132 1042 3214 1,

13 3211 47 3293 t,
73 3221 142 3300 tum
163 3211 378 3296 commercio
401 3235 526 3285 eorum
549 3235 632 3286 cum
653 3211 863 3288 hominibus
883 3211 1043 3297 'comme-

11 3320 89 3378 torato
102 3308 401 3407 ostendunt(Gen.
421 3325 454 3406 3,
472 3321 532 3389 st.
559 3327 696 3406 28,12.
722 3317 792 3390 Ex.
814 3332 847 3412 3,
869 3335 927 3398 12.
947 3325 1039 3401 Dan.

12 3417 72 3488 ‚aa
100 3410 182 3486 Luc.
205 3428 237 3508 1,
259 3427 323 3506 eo„
342 3412 552 3508 Act.1o,s.
584 3430 641 3510 12,
664 3428 697 3492 7.
727 3416 840 3520 Apoc.
862 3435 919 3517 to,
941 3427 1040 3522 ro.);

10 3525 72 3600 eque
84 3537 160 3586 vero
175 3513 219 3597 de
240 3515 379 3614 origine
401 3529 437 3588 et
461 3530 587 3591 natura
609 3543 732 3592 eorum
752 3521 836 3596 l'atis
855 3525 1040 3626 perspicue

11 3609 180 3720 ascipiunt.
232 3615 314 3710 Quo
328 3615 464 3690 factum
476 3615 525 3690 est
534 3672 559 3710 ,,
576 3633 617 3692 ut
632 3615 789 3721 theologi
805 3651 864 3698 eos
885 3629 942 3700 vel
958 3653 1041 3704 cum

9 3699 148 3806 lngene
171 3731 253 3790 ante
270 3709 371 3792 hunc
394 3717 571 3794 muudum
593 3719 777 3796 conditum
801 3725 893 3820 (Iob.
919 3741 978 3821 88,
1006 3735 1038 3806 6.

10 3801 86 3904 ll),
111 3815 293 3919 velprinro
312 3821 477 3914 (Genat,¹
499 3831 531 3894 1.
557 3820 655 3920 86),
688 3823 752 3897 alii
774 3823 944 3920 secundo,
979 3830 1042 3905 alii

9 3921 63 3980 blo
84 3916 179 4008 (Gen.
199 3919 323 4013 a,1.)‚
349 3919 512 3992 nonnulli
532 3923 640 4024 etiam
656 3939 779 4000 octavo
795 3934 1038 4028 cosmogeniae
1123 3947 1126 3951 “

9 4001 128 4088 losaicae
153 4019 208 4092 die
238 4036 372 4095 creatos
405 4018 470 4092 esse
491 4020 523 4113 s)
556 4023 742 4098 docuerint
774 4041 809 4098 et
840 4028 891 4100 de
913 4047 1040 4114 natura

8 4123 84 4212 brun
114 4119 295 4196 incurias
323 4120 542 4212 discesserint
571 4125 777 4228 opiniones,
829 4128 908 4211 aliis
941 4139 1050 4207 urere'

8 4205 167 4299 llimalesn
192 4223 321 4323 (Heba.
349 4239 391 4323 1,·
411 4221 562 4326 1481),
601 4225 706 4322 aliis,'
735 4226 867 4332 quibus
889 4231 1062 4338 scripto-'
