2468 5048
879 155 888 180 t

725 188 1014 236 1'l¹⁴¹

59 343 443 493 Demodosolutieper
454 367 637 496 diuiflum
653 397 920 492 consequendae.
957 403 1032 476 479

435 629 444 649 .
479 583 575 651 tta·
669 605 675 644 ι

14 711 224 782 doctrina.
262 567 593 808 ecclesiastica
632 735 728 786 eum
766 695 984 805 epio'risi.

41 873 78 946 In
91 871 232 954 ecclelia
251 855 449 948 vocationis
467 873 584 966 notio,
617 898 710 973 quae
728 878 993 969 appropriativc
1004 849 1032 948 l.

14 1001 106 1072 quom
126 1001 217 1076 opus
239 971 421 1077 peculiare
443 973 586 1076 spiritui
607 972 632 1048 l.
654 975 845 1070 tribuitur,
878 977 1035 1048 ita¹con-
1061 1051 1071 1066 ,
1095 977 1101 994 ’
1180 1035 1181 1042 .

14 1093 57 1150 uta
76 1078 160 1170 fuit,
197 1089 242 1152 ut
268 1077 361 1164 actio
383 1077 424 1151 fit
443 1075 588 1178 spiritus
608 1076 739 1170 sancti,
777 1102 849 1177 qua
870 1075 1035 1151 homines
1128 1136 1131 1155 .

14 1179 129 1252 itentur
141 1193 178 1252 et
192 1180 399 1254 excitentur
412 1177 459 1252 ad
473 1179 645 1254 beneficia
661 1205 683 1252 a
697 1178 835 1252 Christo
852 1195 951 1279 parta
968 1203 1035 1280 per

14 1307 46 1352 m
73 1279 328 1380 consequenda.
370 1279 585 1378 (10.a‚16.
630 1279 961 1379 2Thess2a12.)
998 1280 1032 1378 ).

14 1367 133 1456 crinien
169 1380 366 1483 posuerunt
400 1380 494 1456 iute'r
528 1383 752 1456 vocationem
788 1388 1040 1456 immediatam

14 1481 231 1578 iraculolam,
279 1479 649 1580 extraordinariam),
691 1485 894 1558 cuiusmodi
925 1485 1035 1560 Paulo

14 1585 103 1658 rl'tolo
117 1583 301 1684 eontigill'e
322 1583 533 1686 perhibetur
556 1588 653 1682 (Act.
675 1575 709 1677 9¹,
731 1585 820 1681 ΗΓ.)
839 1586 893 1681 ⁶),
923 1603 1036 1661 etvo-

14 1687 112 1761 ionem
126 1693 323 1760 mediatam
338 1686 575 1786 (naturalem,
601 1686 856 1786 ordinariam),
879 1716 945 1792 per
956 1695 1037 1788 fver-

14 1791 108 1862 nDei
122 1806 156 1864 et
169 1789 401 1866 lberamenta.
453 1788 659 1864 vocationis
674 1790 818 1864 notione
832 1789 931 1866 sensu
945 1817 1037 1892 quo·
1117 1837 1121 1848 ν
1171 1813 1175 1820 ’

14 1917 30 1960 u
48 1887 185 1986 latiore,
219 1917 330 1993 quam
354 1918 462 1992 quem
482 1890 570 1964 libri
592 1890 782 1986 symbolici
798 1890 974 1985 exhibent
988 1892 1035 1994 ⁶),

14 1986 150 2088 dtituta,
174 1996 226 2068 ita
233 2013 247 2088 ,'
278 2009 321 2068 ut
333 2015 584 2096 quemcunque
604 1993 752 2068 modum
771 1995 1038 2096 complectatur,

14 2096 119 2168 rDeus
131 2094 298 2170 homines
314 2095 358 2168 ad
374 2096 485 2168 animi
499 2093 780 2170 enrendationem
795 2099 948 2190 excitat,
974 2097 1039 2170 alii

14 2196 74 2267 uin
83 2206 291 2294 proprium,
314 2224 406 2298 quae
423 2223 506 2274 cum
524 2197 696 2296 religione
711 2197 882 2292 revelata,
917 2215 952 2272 et
967 2205 1039 2272 im-

14 2303 136 2388 prium,
162 2327 258 2402 quae
274 2325 357 2374 cum
367 2291 559 2384 ,eventibds
576 2298 797 2374 naturalibus
813 2317 848 2373 et
863 2299 1038 2400 religione
1059 2305 1062 2312 ’
1155 2369 1157 2377 ,
1175 2329 1179 2344 ·

16 2402 93 2474 urali
123 2405 315 2477 c'onirmcta
346 2401 414 2495 eit,
457 2400 653 2474 diviserunt
674 2401 727 2492 d).
791 2400 1037 2498 vocationem,

15 2499 46 2572 lu
64 2503 260 2602 angristiore
284 2505 443 2596 dictam,
461 2507 621 2597 seriam,
657 2509 848 2601 efficacem,
882 2513 1037 2578 inevita-
1092 2573 1094 2581 Α
1119 2557 1125 2570 .
1154 2515 1184 2588 ’,

15 2631 66 2689 em,
95 2605 152 2678 led
166 2611 381 2704 rafistibilem
393 2605 464 2680 ell'e
479 2589 733 2684 contenderunt
747 2609 799 2701 1),
830 2635 895 2682 neo
917 2611 1047 2683 miuus'
1094 2683 1100 2694 ,

15 2709 171 2799 {versulam
181 2705 242 2808 s).
301 2710 355 2782 Do
387 2709 583 2783 vocationis
608 2714 894 2807 universalitate,
933 2721 1062 2811 quae,

19 2807 83 2880 aliis
100 2811 167 2884 alio
189 2809 298 2883 modo
315 2810 477 2904 definita,
508 2812 618 2884 variis
633 2811 952 2912 disceptationibus
972 2837 1039 2886 an·
1107 2855 1109 2860 ·
1135 2885 1138 2892 .

14 2911 209 3008 ipraobuit,
244 2906 315 2986 hoc
336 2912 554 3012 potillimum
571 2913 764 2989 tenendum
778 2913 846 2990 est:
879 2916 1039 2988 vocatio-
1148 2953 1155 2966 ι
1190 2937 1194 2944 ·

15 3037 50 3102 n,
72 3015 134 3088 uili·
147 3015 345 3116 improprie
360 3015 406 3088 fro
422 3003 574 3106 dictam,
609 3009 844 3087 universalem
863 3029 958 3088 recte
972 3041 1039 3114 ap-

14 3109 70 3185 lari
83 3141 150 3188 non
163 3116 271 3218 polle,
298 3117 432 3216 quippe
448 3141 560 3214 quum
575 3111 724 3188 rationis
740 3131 775 3189 et
792 3115 1037 3210 conscientiae,

15 3217 106 3289 anuis
120 3244 246 3293 manca
262 3218 358 3318 apud
373 3218 546 3318 plurimos
560 3217 777 3318 reperiatur,
802 3216 939 3290 indoles
953 3218 1042 3292 ubi*
1075 3243 1080 3254 “

14 3339 86 3414 nque
107 3345 177 3394 una
198 3320 394 3418 eademque
416 3319 458 3390 fit
485 3317 608 3415 (Rom
634 3335 668 3412 2,
697 3325 872 3396 14-16.
899 3319 980 3420 26.)
1006 3335 1043 3395 et

14 3419 130 3495 utillum
146 3424 254 3496 etiam
268 3422 414 3498 salutem
428 3423 547 3494 Deum
561 3446 685 3521 curare
702 3422 799 3517 (Act.
822 3437 889 3515 10,
899 3433 957 3499 al.
978 3435 1038 3498 85.
1084 3481 1087 3498 .

16 3533 196 3615 ,24-ὴ29.
227 3522 363 3598 Mauh..
376 3541 433 3615 12,
452 3532 525 3598 42.
539 3523 629 3598 Luc.
648 3523 806 3623 18,,29·.)
829 3521 1041 3624 eosdemque
1101 3577 1111 3586 ,.
1219 3513 1220 3516 ¹

14 3616 121 3697 iudicio
134 3623 258 3699 'divino
280 3621 379 3698 haud
404 3641 562 3699 exemtos
577 3626 653 3698 fore
671 3626 839 3700 doceatur
862 3629 981 3722 (Rom.
1004 3643 1049 3722 2,Ι

28 3721 93 3820 ll.);
122 3731 345 3804 vocatiouem
363 3755 447 3802 vero
472 3724 572 3800 ienlu
594 3715 730 3801 biblico
753 3743 787 3818 et
809 3727 1056 3802 ecclesiastico
1107 3816 1113 3831 Ι
1219 3803 1220 3812 ,

15 3822 365 3932 plicatamperperain
388 3830 462 3904 dici
486 3827 727 3910 universalem.
788 3829 951 3927 Namque
965 3829 1039 3929 tpfi

14 3925 132 4023 iptores
146 3930 181 4012 ss'.
199 3941 326 4004 multoe
340 3932 504 4031 quidem,
531 3958 647 4030 neque
662 3955 749 4004 vero
762 3957 890 4012 omnes:
897 3946 1041 4004 vocatos
1056 3980 1059 3987 ‹

14 4021 30 4093 fe
52 4031 187 4122 (ttctthss
209 4052 268 4124 20,
296 4049 352 4110 16.
390 4047 451 4124 22,
480 4034 557 4124 14.)
580 4033 779 4130 multosque
800 4031 951 4137 populos¹
974 4032 1041 4106 tihi

14 4123 42 4196 ts
53 4132 179 4210 relictos
191 4135 293 4209 fuiss'e
309 4135 379 4232 (ts.
397 4144 480 4228 147,
502 4133 592 4209 inss'.
611 4135 690 4208 aet.
704 4144 762 4226 14,
783 4147 847 4210 16:
872 4149 929 4224 17,
948 4132 1040 4226 eo),

16 4279 25 4315 ‚
43 4235 127 4330 quod
138 4233 282 4314 hittoria
294 4238 456 4312 onmium
470 4251 672 4344 temporum
685 4237 888 4333 coufirmat,
911 4236 1059 4342 dil'crte
1113 4259 1125 4322 j
