2528 5060
487 383 689 474 Proesotio.
808 423 812 430 ·
1095 409 1143 460 lx

46 580 72 638 et
85 563 299 638 revelatione
315 585 441 636 rerum
455 558 662 636 divinam
678 571 845 634 naturam
863 555 1020 634 nostram
1037 556 1144 662 longe

46 676 211 784 inperante
241 678 461 778 religionem
493 671 710 780 repetererit,
749 675 917 776 equidem
949 679 1143 781 praecipue
1193 775 1198 788 Ι

45 805 79 873 in
96 827 134 874 eo
155 797 365 889 elaboravi,
398 811 439 870 ut
460 811 598 871 rectum
620 795 770 872 rationis
788 793 892 868 mum
907 793 1024 868 denuo
1041 820 1143 870 com-

49 922 231 996 mender·
257 933 298 992 et
318 917 507 991 rationalis
528 915 727 1016 theologiae
749 911 1000 1007 fundamenta,
1027 938 1143 1016 quau-

53 1059 118 1115 tom
144 1040 219 1114 sieri
247 1033 394 1138 posset,
444 1049 480 1109 et
514 1034 770 1134 amplificarem
802 1047 838 1106 et
870 1033 1142 1128 communirem,

54 1163 198 1257 itemque
216 1157 353 1230 maiore
376 1178 486 1253 quam
508 1168 612 1226 antea
642 1152 682 1225 in
710 1149 791 1224 luce
819 1175 989 1250 ponerem
1011 1149 1143 1223 verita-

66 1271 231 1346 ten‘tnus
252 1271 474 1364 sententiae,
513 1296 605 1370 quae
629 1295 751 1342 omnes
777 1267 862 1340 fidei
887 1266 1068 1340 doctrinas
1096 1265 1144 1342 ud

58 1390 170 1463 limma
189 1404 386 1490 praecepta
408 1386 527 1462 ethica
548 1384 866 1461 accommodandas
887 1400 922 1458 et
945 1385 991 1458 ud
1012 1381 1144 1460 horum

54 1537 191 1582 normam
222 1525 406 1608 tanquam
436 1507 483 1580 ad
515 1505 693 1579 obrullirm
718 1503 913 1602 exigendas
937 1501 1025 1595 else,
1066 1501 1144 1603 ipsa

53 1626 243 1728 scripturas.
264 1625 381 1717 duce,
412 1621 545 1698 steterit.
598 1623 765 1698 Ceterum
788 1636 926 1694 tautum
948 1617 1067 1713 abest,
1101 1634 1146 1696 ul

53 1772 100 1816 eos
121 1743 312 1816 imitandos
341 1735 486 1842 putem,
528 1740 594 1840 (qui
616 1766 732 1840 nuper
752 1739 838 1812 sallo
860 1741 1009 1814 iactatae
1032 1743 1143 1838 ὄρθο-

1 1913 2 1916 ¹
55 1874 148 1954 ὁοξίας
170 1861 428 1938 ecclefialticae
453 1862 581 1962 pannis
606 1857 706 1932 suam
731 1855 1008 1960 philosophandi
1034 1859 1144 1930 ratio-

1 1971 2 2002 ³
64 2009 130 2053 nem
148 1982 336 2075 mysticam
366 1995 429 2052 aut
456 1975 705 2052 scholasticam
730 2001 906 2048 exornare
937 1987 1143 2074 coeperunt,

70 2112 103 2168 ut
117 2101 273 2171 neminem
283 2153 295 2190 ,
334 2095 399 2168 nili
416 2121 476 2167 eos
493 2096 587 2166 inter
601 2107 736 2165 veteres
759 2114 801 2164 ac
824 2090 1038 2164 recentiores
1058 2085 1144 2190 phis

57 2213 211 2315 Iosephus,
246 2215 341 2315 qui,
374 2211 570 2285 srdrtilitate
592 2235 675 2284 cum
696 2208 832 2280 summa
854 2207 1031 2280 evidentia
1056 2233 1144 2282 cou-

52 2334 172 2426 iuncta,
202 2331 429 2433 aequissimis
451 2329 582 2404 harum
606 2355 729 2403 rerum
751 2323 1057 2400 existimatoribus
1080 2326 1145 2403 sua

51 2451 162 2548 placita
186 2453 412 2552 probarunt,
446 2446 585 2520 suenue
603 2444 762 2538 secutus,
797 2448 1060 2541 Christianismi
1082 2473 1145 2518 ra-

49 2575 179 2640 tionalis
200 2569 355 2664 systema
378 2567 588 2641 confirmare
609 2564 816 2640 studuerim.
875 2567 935 2639 Sic
958 2568 1055 2640 enim
1077 2595 1145 2642 ex-

48 2691 142 2787 posita
162 2690 295 2789 religio
311 2686 534 2778 Christiana,
560 2700 615 2777 et,
641 2683 785 2757 secretis
803 2684 1062 2784 temporalibus
1080 2713 1145 2758 ve-

48 2809 235 2902 lamentis,¹
264 2807 312 2878 ad
336 2806 513 2878 internam
536 2803 723 2874 veritatem
750 2815 785 2873 et
810 2817 1063 2901 congruentem
1085 2829 1145 2876 ra·

49 2928 141 3000 tionis
165 2923 366 3026 principiis
386 2937 545 2994 tenorem
568 2934 752 3010 revocata,
784 2944 868 2992 vere
889 2918 1050 2994 divinam
1073 2921 1147 2994 ori-

50 3047 155 3142 ginem
190 3059 226 3116 et
260 3041 508 3114 auctoritatem
533 3038 666 3136 optime
698 3058 785 3136 prae
813 3033 849 3108 se
879 3034 971 3129 sert;
1010 3039 1147 3138 quippe

50 3193 146 3262 equum
168 3161 293 3263 ipsam
316 3148 507 3248 rationem,
542 3155 644 3228 cuius
666 3179 733 3254 ope
754 3152 909 3253 dignitus
930 3179 973 3228 ac
996 3153 1148 3229 salubri-

55 3283 194 3358 tas‘eius
227 3277 281 3352 ad
311 3301 453 3346 omnem
483 3270 724 3372 posteritatem
751 3271 1039 3366 commendatur,
1080 3275 1149 3348 Dei

51 3397 212 3472 beneficio
232 3392 449 3484 debeamus,
482 3416 548 3463 nec
570 3390 690 3462 minus
704 3413 826 3460 omnes
842 3412 903 3460 eae
921 3414 977 3460 res
996 3390 1035 3462 in
1053 3389 1148 3464 sacto

51 3520 188 3617 politae,
216 3523 331 3615 quam
349 3512 510 3586 maxime
529 3508 800 3602 memorabiles,
826 3508 960 3608 quibus
976 3510 1152 3586 adiuvan-

52 3639 134 3710 tibus
156 3637 224 3711 illa
250 3648 285 3707 et
307 3613 624 3730 tradita'primum
649 3642 684 3700 et
706 3641 903 3728 propagata
926 3625 997 3721 est,
1038 3652 1059 3700 a
1082 3627 1151 3702 Dei

54 3753 270 3853 providentia
288 3747 498 3852 repetendae
515 3748 591 3820 [int.

118 3985 267 4079 ›Quum
290 3999 410 4056 autem
428 3982 543 4055 omnis
564 3980 609 4053 de
631 3981 739 4054 rebus
760 3979 867 4054 sacris
890 3982 1073 4084 popularis
1094 3983 1152 4056 in-

55 4105 178 4178 stitutio
194 4105 242 4176 ad
256 4127 384 4174 verum
400 4101 579 4172 bonorum
600 4100 707 4171 finem
728 4099 915 4198 dirigenda
937 4103 976 4173 fit
986 4157 997 4194 ,
1023 4116 1057 4174 et
1074 4127 1151 4173 ma-

57 4225 232 4324 ximope're
254 4223 306 4294 ita
331 4216 581 4292 conformanda
594 4274 604 4308 ,
645 4233 684 4290 ut
707 4215 889 4310 homines,
929 4219 1025 4317 quod
1049 4219 1150 4318 Apo-
