2528 5060
383 381 587 473 Praefatio.
774 445 779 467 „
949 409 1039 458 xrrt

87 561 200 636 Omnino
220 583 333 660 genus
351 553 554 632 humanum
579 581 599 629 a
625 553 875 656 sapientissima
907 573 942 634 et
972 558 1040 633 lne-

31 679 154 778 nigoillnrn
167 679 228 750 Dei
250 677 475 780 providentia
499 678 656 776 regitur,
689 703 755 752 neo
775 678 971 754 verendum
988 679 1041 756 est

30 813 155 896 propterea,
179 822 220 869 nn
234 795 283 869 ab
299 797 364 892 iis,
397 820 510 896 quae,
543 791 620 894 ipso
635 795 712 868 Deo
728 793 937 888 adiuvante,
969 793 1042 870 hau

30 913 98 986 nolon
112 927 192 988 neate
213 913 252 986 in
275 912 405 1004 studiin
424 911 624 1004 historicis,
655 907 884 1013 philologieis
899 929 936 987 et
954 911 1040 1014 phi-

33 1027 149 1130 losophicis
170 1030 251 1104 lacta
288 1029 530 1132 progressione
561 1053 645 1102 vora
679 1044 715 1103 et
745 1031 837 1103 iusta
870 1033 1041 1130 cognovi*

33 1177 96 1240 nnn,
116 1153 233 1250 parulis
255 1151 450 1240 institutis,
476 1147 793 1250 ‹least-praestigiis
809 1148 1041 1250 quibusdum,

39 1265 123 1362 produ
140 1267 342 1369 depellamur.
411 1265 484 1340 Sed
521 1265 679 1368 ipsorum
711 1267 819 1340 etiam
857 1266 1043 1366 religionis

37 1383 141 1458 doctum
155 1403 185 1460 et
203 1385 372 1462 ecclesiae
396 1383 599 1488 praesidum
623 1383 877 1458 sanctiffimum
904 1387 955 1458 est
985 1383 1042 1458 os·-

33 1499 284 1605 ficinnprnridere‚
313 1529 378 1597 ne,
404 1502 588 1602 doctrinae
607 1499 771 1576 formulis
789 1503 953 1578 ecclesiae
974 1501 1041 1576 ob-

32 1618 87 1690 nnts
102 1636 124 1696 et
137 1621 318 1725 scripturae
342 1621 369 1696 s.
402 1622 696 1724 interpretatione
727 1647 919 1725 rerumque
945 1623 1042 1696 diri-

32 1756 102 1808 ntntn
116 1737 229 1814 scientia
254 1739 361 1842 quali
385 1737 581 1814 forensibus
607 1737 875 1840 circumscripta
901 1741 1059 1816 cancel«.

32 1848 68 1941 tn,
82 1865 150 1956 tem
167 1869 305 1964 mpetu
312 1919 326 1954 ,
354 1855 581 1960 ipsadlrristi
599 1871 636 1932 et
649 1855 903 1960 Apostolorum
918 1873 1043 1932 ancto⁴

41 1971 94 2046 inte
111 1983 341 2075 commendata,
383 1977 590 2054 detrimenti
622 1975 714 2077 quid
744 1977 883 2077 capiat,
924 1999 1044 2075 neque

46 2088 164 2172 clandestini
182 2100 399 2175 Iesuitarum
423 2095 650 2202 aliorumque
679 2091 841 2170 inscitiae
873 2107 1043 2194 patrono-

37 2227 89 2300 ton,
111 2235 167 2311 qtae
185 2217 223 2290 in
243 2217 327 2289 dies
349 2213 458 2286 latius
477 2210 640 2312 serpunt,
681 2209 835 2284 consiliis
859 2208 1044 2284 doctrinae
1072 2285 1081 2296 ,

33 2315 152 2423 spargantur
163 2333 294 2409 Christi
315 2346 352 2406 et
370 2327 622 2432 Apostolorum
639 2329 839 2431 praeceptis
862 2353 906 2403 ao
930 2329 1044 2403 liber-

32 2444 66 2513 nti
79 2448 258 2555 Ermgelieae
284 2449 431 2556 prorsus
455 2448 633 2550 oppositae
657 2460 891 2548 veterumque
918 2445 1045 2547 super-'
1135 2503 1146 2528 .

31 2554 147 2663 litium,
173 2570 388 2668 mysticismi
406 2592 449 2644 ac
466 2565 650 2646 fanatisrni
667 2563 855 2660 tenebrae,
889 2563 935 2638 ad
951 2579 1044 2652 tennff

32 2697 64 2774 po
77 2700 151 2782 certe,
178 2690 406 2766 reducantur.

79 2917 178 3017 Restat,
201 2942 241 3001 ut
255 2923 382 3000 debito
397 2949 481 2998 eum
496 2917 633 2995 honore
651 2946 694 2994 ao
710 2917 906 3022 gratissimo
921 2919 1043 2992 animo

32 3033 292 3118 oneratorum
316 3039 606 3132 clarissimorum,
639 3063 795 3140 quorum
819 3035 960 3138 scriptis
985 3033 1044 3112 vel

31 3152 107 3228 tonis
121 3159 152 3234 in
168 3160 234 3239 hoe
254 3161 352 3238 libro
369 3159 490 3233 ‘denuo
501 3156 649 3234 ¹edendo
669 3153 823 3230 studiose
847 3153 933 3228 nlus'
951 3150 1046 3226 sum.⁸

35 3257 103 3346 loti
116 3273 167 3351 hio
185 3279 326 3354 libellus
343 3277 458 3352 doctis
479 3273 651 3375 iustisque
671 3271 802 3346 harum
822 3297 942 3346 rerum
960 3272 1051 3358 exi-,

34 3371 353 3500 slmtodbns‚placere
385 3375 492 3494 itque
524 3390 678 3467 confiliis
708 3389 814 3490 supra
840 3388 1044 3486 significatio

32 3490 149 3586 tantaene
168 3514 383 3618 perrexerit,
426 3535 557 3612 magna
581 3511 658 3583 eius
689 3507 819 3602 laudis*
835 3505 925 3608 ¹pars'
953 3507 1044 3580 virio

33 3611 188 3708 ludebatur
205 3631 249 3708 de
270 3627 435 3706 universa
455 3655 505 3702 re
522 3627 721 3724 literaria,¹
741 3623 907 3730 inprimis
931 3623 1045 3718 sacra,

34 3738 102 3830 ssime
118 3735 271 3830 meritis(

84 3976 158 4059 Fun
184 3991 299 4082 Deus,
316 4074 320 4080 .
340 3997 382 4060 ut
414 3982 476 4058 hie
508 3980 603 4056 liber
635 4005 707 4054 nou
739 3977 853 4053 solum
886 3972 1043 4052 studium

36 4073 151 4195 lenlngiae
175 4122 250 4184 tum
279 4101 451 4180 historico
465 4099 719 4202 -dogmatioae
751 4113 829 4172 tum
859 4094 1044 4169 rationalis

37 4195 225 4325 sitiuntque
258 4236 486 4327 promoveat,
526 4216 587 4296 sed
611 4216 721 4409 {tiam
752 4237 874 4290 reram
897 4213 1042 4312 religio-
