2528 5060
38 367 41 374 Ι
118 413 186 486 ,κ
282 441 285 452 t
353 483 375 494 α
603 380 830 474 Praefatio„
955 415 971 488 ·ι

80 551 83 558 ’
153 560 262 640 stolus
283 556 376 634 bene
397 555 539 631 monuit
558 541 634 632 Tit.
654 572 688 650 2,
708 570 790 650 12,
811 539 860 630 ¹in
881 550 954 630 hoc
973 551 1061 628 orbe
1082 571 1233 630 terraru

154 682 358 780 σωφρόνως
373 687 432 752 καὶ
456 681 596 762 δικαίως
626 685 684 752 καὶ
710 679 855 768 εὐσεβῶς
881 669 1174 748 vivendum'else
1199 675 1250 748 fil

154 793 343 872 certiffine
375 789 628 894 persuadeant,
669 789 862 893 praecipue
893 791 934 865 in
961 788 1093 866 scholis
1121 792 1256 868 theol

7 909 17 928 ‘
132 913 235 1014 giae
257 910 480 1011 dogmaticae
510 908 725 986 academicis
754 935 796 983 eo
825 908 1081 986 connitendum
1103 909 1184 1007 est,

153 1029 269 1114 futuri
287 1027 474 1128 religionis
498 1027 679 1120 doctores,
713 1041 749 1100 et
771 1025 839 1128 ipsi
862 1023 933 1102 hac
953 1025 1176 1128 persuasione
1196 1034 1254 1131 'p-

154 1149 252 1222 nitus
280 1144 434 1238 imbuti,
465 1144 515 1217 -in
536 1123 771 1218 concionibus
795 1159 830 1217 et
853 1141 1092 1252 catechesibus
1108 1147 1171 1220 ad
1199 1173 1252 1250 p·

73 1280 98 1376 ¹.
155 1268 291 1370 pulum,
311 1263 489 1348 habendis
517 1261 710 1366 prudenter
736 1261 871 1336 versari
899 1261 1056 1358 discant,
1096 1283 1262 1362 careant

156 1409 247 1488 que,
287 1411 333 1458 ne
361 1398 428 1456 aut
453 1382 648 1482 antiquatis
674 1381 887 1482 opinionum
912 1383 1122 1456 commentis
1150 1387 1259 1484 perti

155 1505 281 1604 nucius
296 1498 535 1594 inhaerendo,
568 1513 631 1572 aut
649 1521 760 1570 novas
776 1495 974 1573 inconsulto
996 1523 1039 1574 ac
1058 1515 1235 1576 temerae

137 1621 339 1715 'sotiando,
365 1615 626 1693 verissimorum
645 1618 755 1691 etiam
777 1617 822 1692 de
840 1618 1038 1718 religione,
1070 1624 1208 1698 virtute
1231 1653 1256 1698 e

155 1737 339 1814 honestate
365 1746 639 1836 praeceptorum
659 1735 736 1819 vim
757 1733 990 1835 inhiugant,=
1014 1739 1263 1840 populumqu.

101 1878 104 1892 ⁴
156 1856 197 1930 in
227 1849 468 1956 perniciosum
497 1850 786 1928 hunc-errorem
809 1851 1011 1949 inducant,
1052 1872 1095 1931 ut
1115 1855 1250 1932 sanctis

117 2049 119 2056 .
155 1975 241 2048 lima
270 1969 333 2064 illa
363 1971 480 2044 omnia
503 1996 608 2046 verae
632 1968 867 2046 humanitatis
888 1971 1119 2050 fundamenta
1146 1978 1187 2050 in
1214 1979 1247 2050 li

86 2163 91 2176 ,
137 2087 233 2164 *liris
255 2087 364 2160 sacris
384 2085 573 2162 clarissime
597 2089 777 2188 expolita,
795 2107 797 2118 ¹
815 2088 879 2162 vel.
895 2105 1069 2192 tanquam
1088 2093 1211 2166 sutilia
1232 2119 1252 2166 e

146 2181 229 2278 'dna
253 2218 338 2276 cum
362 2200 528 2274 obsoletis
552 2199 782 2302 dogmatibus
813 2202 998 2312 antiquata
1022 2221 1252 2281 contemnant

155 2321 232 2414 vel,
257 2313 394 2394 muta'to
409 2319 450 2391 in
466 2318 595 2392 melius
617 2317 663 2391 de
685 2317 905 2418 quibusdam
925 2322 1175 2402 ecclesiasticae
1197 2325 1242 2398 tl·

33 2425 62 2468 ἰ
156 2436 481 2541 ctrinaa'partibus
503 2437 661 2530 iudicio,
688 2437 777 2539 ‘ipsa
798 2465 942 2542 quoque
970 2441 1178 2544 abroganda
1201 2471 1253 2518 au

43 2569 50 2590 ⁸
157 2559 370 2661 corrigenda
393 2554 460 2632 elle
485 2557 688 2659 opinentur.
747 2558 873 2658 Itaque
897 2573 933 2634 et
959 2558 1031 2636 hac
1055 2561 1100 2636 de
1132 2589 1171 2636 re
1204 2565 1248 2638 in

156 2675 403 2755 stitutionibus
425 2676 515 2749 mais
538 2689 729 2777 praecepta
760 2674 891 2752 addere
920 2676 1020 2754 haud
1050 2679 1248 2784 supervaca

107 2810 109 2816 '
156 2788 389 2870 naumduxi.

153 3030 156 3037 ’
183 3037 188 3053 “
268 3025 425 3104 Omnino
450 3023 591 3100 nostrae
616 3028 742 3102 aetatis
766 3027 921 3105 rationes
947 3046 982 3107 et
1001 3033 1187 3110 'universae
1216 3039 1263 3112 da

156 3145 266 3222 rebus
290 3145 425 3220 divinis
448 3144 659 3243 epimonem
684 3147 884 3221 varietates⁴
901 3146 973 3225 hoc
1002 3151 1178 3252 postulare
1203 3159 1247 3232 vi

157 3265 307 3357 dentur,
346 3278 388 3335 ut
411 3259 611 3369 theologiae
639 3261 803 3358 studiosi,
844 3267 909 3366 qui
932 3266 968 3342 se
991 3269 1038 3343 ad
1061 3269 1223 3348 doctrina
1262 3336 1263 3341 ,

156 3383 342 3483 religionis
366 3379 587 3456 Christianae
611 3384 747 3484 populo
769 3385 986 3460 tradendam.
1004 3405 1150 3489 parant,
1186 3419 1263 3468 not

157 3504 273 3579 solum
286 3502 494 3601 dogmatum
507 3502 593 3575 olim
608 3503 754 3603 publice
770 3520 996 3606 receptorum
1012 3523 1197 3608 argument
1236 3548 1243 3579 t

157 3619 486 3719 vicissitudinesque
497 3618 612 3720 probe
626 3620 844 3720 intelligant,
868 3621 929 3696 sed
947 3622 1071 3700 sanum
1088 3627 1193 3701 etiam
1215 3633 1262 3706 ii·

157 3737 337 3812 iudicium
358 3734 531 3810 adhibere
549 3734 590 3834 (t
609 3733 728 3812 Thess.
750 3749 783 3832 5,
801 3737 902 3838 ab),
936 3757 972 3816 et
995 3743 1084 3844 quid
1104 3745 1143 3816 in
1165 3751 1262 3822 anfi-

158 3855 330 3955 quiorum
350 3850 597 3952 theologorum
620 3852 770 3928 decretis
790 3855 985 3956 scripturae
1002 3861 1028 3934 s.
1052 3865 1260 3940 auctoritate

158 3972 290 4046 rationi
312 3970 403 4085 bene
426 3971 590 4046 excultae
607 3971 758 4072 probata
776 3972 940 4050 testatum
955 3979 1103 4073 nonsit,
1128 3983 1259 4080 quati-

158 4115 237 4165 rere
258 4087 494 4170 consuescant.
533 4087 536 4098 '
