2474 5042
149 405 206 481 Do
229 407 311 477 vitri
328 406 416 500 post.
434 419 585 496 mortem
598 371 795 500 [perarida.
925 416 1024 520 ,5596
1119 389 1123 398 ¹

429 595 551 662 .1.92.
607 607 610 614 ’

134 575 774 811 ‘Risi-orihdogrpotis.

31 874 271 978 Ambiguitate
291 875 356 976 ista
372 896 408 954 et
420 881 617 956 diversitate
634 879 904 971 sententiarum,
930 905 1023 980 quae

11 977 258 1054 'namortalitate
280 982 484 1075 animorum
506 985 545 1056 in
569 983 614 1056 N.
635 985 682 1056 T.
699 983 803 1055 libris
827 983 1027 1081 propositae
1049 1007 1051 1012 ’

11 1107 29 1170 ῑ,
64 1081 280 1180 potissimum
302 1081 438 1158 factum
470 1084 536 1158 esse
556 1085 716 1176 videtur,
756 1099 797 1156 ut
824 1086 863 1156 iu
884 1083 1027 1156 ecclesia

12 1181 125 1255 istiana
154 1199 293 1258 mature
314 1185 388 1260 iam
415 1186 486 1262 duo
510 1186 710 1288 prodierint
734 1185 944 1284 opinionum
963 1212 1027 1285 ge-

11 1307 18 1352 r
27 1337 36 1373 ,
60 1311 242 1386 nunquam
255 1286 375 1386 postea
388 1288 495 1388 plane
506 1288 702 1381 'exstincta,
725 1288 1025 1381 alterutrarum,

29 1383 134 1460 litoris
163 1388 360 1488 scripturae
386 1390 412 1465 s.
442 1387 685 1482 inhaerentes,
719 1387 939 1485 imaginibus
964 1389 1041 1461 Iu-'

11 1509 99 1559 orum
116 1489 263 1588 servatis
279 1493 447 1592 varieque
462 1492 664 1583 exornatis,
697 1491 854 1563 futuram
868 1487 1028 1564 hominis

11 1585 167 1664 ditionem
183 1618 325 1664 omnem
341 1592 516 1670 adsensus
531 1609 757 1685 revocarent,
786 1595 967 1690 Chiliostie
984 1591 1026 1690 ⁰)

11 1688 86 1762 rime
100 1693 310 1790 probatum,
334 1696 637 1786 alterumeorum,
663 1695 728 1796 qui
742 1693 890 1771 liberius
905 1693 1028 1794 philo·
1106 1761 1109 1774 Χ
1146 1739 1148 1747 ,

11 1805 112 1864 rantes
127 1810 161 1868 et
174 1797 308 1897 placito
324 1797 367 1872 de
379 1814 587 1872 naturarum
594 1803 814 1870 emanatione
828 1823 875 1870 ex
887 1797 1028 1870 sumina

12 1889 84 1964 dam
112 1909 147 1968 et
176 1898 429 1998 perfectissima
460 1917 586 1974 natura
621 1902 789 1989 nitentes,
823 1899 1048 2000 simpliciter*

11 1991 84 2065 itum
108 1997 297 2094 attillani,
330 2005 479 2076 materia
498 2003 653 2104 deposita
660 2059 672 2096 ,
705 1999 968 2100 exspectarent,
1005 2023 1028 2072 a

11 2098 102 2188 ›sticis
127 2115 162 2173 et
188 2099 393 2203 Origene
417 2131 501 2178 cum
523 2103 754 2178 sectatoribus
771 2103 869 2175 varie
887 2101 1028 2276 exppfi-
1097 2094 1101 2109 '

11 2227 34 2265 r..
68 2199 160 2275 Inter
181 2200 276 2303 quae
298 2205 457 2280 medium
479 2207 552 2280 fere
574 2222 730 2299 tenentes
751 2203 913 2304 plerique
937 2229 943 2240 '
968 2229 1030 2276 (³0-

11 2301 184 2379 ,eccsesiao
209 2303 410 2381 catholicae
438 2309 558 2385 locum
590 2306 688 2382 hunc
708 2305 873 2378 subtilius
900 2319 1032 2380 tracta-

11 2409 34 2487 t,
55 2397 149 2480 haud
162 2407 251 2484 satis
267 2403 486 2508 quidenrilii
502 2410 657 2496 definitis
673 2435 795 2484 rerum
807 2406 1030 2493 notionibus.

11 2511 245 2609 aque—reiecto
264 2509 460 2586 Chiliasmo
475 2513 640 2606 duriore,
666 2511 783 2586 carnis
803 2507 1033 2584 resurrectio-

12 2623 35 2691 ¹2
65 2606 136 2682 iam
157 2613 246 2686 inde
268 2638 289 2685 a
311 2615 367 2686 rei
386 2612 606 2689 Christianae
624 2608 835 2714 primordiis
852 2608 1033 2686 nonnullis

12 2702 170 2787 »miratam
194 2719 233 2812 (1
252 2713 332 2789 Cor.
354 2729 412 2811 15,
439 2717 515 2810 12.)
534 2715 588 2812 ⁶),
621 2715 816 2813 firmissime
831 2725 1032 2804 tenuerunt,

16 2809 209 2892 conditione
242 2832 363 2892 autem
385 2822 525 2892 animae
554 2845 576 2891 a
606 2843 753 2918 corpore
774 2813 955 2917 separatae
986 2812 1034 2885 ad

13 2916 221 2992 erectionem
251 2945 365 3020 usque
386 2911 507 2994 sutura
535 2919 635 3012 varia
659 2919 717 2992 vel
749 2945 797 2990 ex
819 2915 964 2988 vetustis
987 2913 1045 2987 de·
1170 3001 1171 3012 χ

13 3014 268 3112 ’Opinionibus
288 3023 524 3122 repetierunt,
556 3021 615 3094 vel
631 3045 723 3093 nova
738 3019 922 3094 finxerunt
934 3041 1034 3094 com·
1089 3034 1091 3041 '

14 3121 69 3202 ita,
95 3143 185 3218 quae
199 3121 454 3202 homilctarunr
465 3122 794 3224 grandiloquentia,
821 3119 1035 3194 clericorum

14 3209 239 3300 erstitionibus
260 3241 295 3299 et
325 3223 548 3301 hierarchiae
572 3223 808 3299 exstruendae
829 3247 872 3298 ac
902 3220 1034 3298 confir-

15 3307 84 3388 rdae
105 3320 222 3418 studio
244 3327 396 3402 aurifice
421 3342 594 3402 exornata
617 3325 699 3400 sunt
722 3339 828 3424 atque
841 3349 1035 3404 *commen-

15 3432 33 3481 ¹·
89 3421 170 3501 Huc'
201 3428 328 3503 referri
359 3428 498 3530 possunt
514 3430 710 3531 opiniones
731 3427 776 3500 da
801 3425 893 3500 statu
913 3423 1033 3502 medio

15 3535 136 3598 ¹¹0sslm
159 3553 180 3602 a
203 3531 415 3631 corporibus
437 3523 678 3606 seiunctorum
692 3524 728 3629 ‘)
748 3521 930 3626 variisque
954 3526 1036 3598 ani-

16 3637 77 3690 um
104 3633 337 3734 receptaculis
353 3633 416 3731 ⁸¹),
459 3635 503 3708 de
527 3635 611 3734 igne
637 3632 843 3734 purgatorio
860 3629 915 3728 1),
946 3643 1042 3736 'oum'

16 3737 68 3788 tus
92 3745 231 3809 mature
254 3736 443 3810 coniuncta
464 3737 545 3810 sunt
558 3736 628 3809 alia
642 3747 842 3813 commenta
858 3731 902 3805 dc
917 3729 1038 3836 preci*

24 3834 55 3889 et
71 3823 173 3906 donis
189 3838 438 3912 destructorum
459 3839 499 3912 in
515 3836 618 3910 usum
635 3833 844 3926 offerendis3
872 3833 916 3906 de
931 3835 1036 3913 invo-,

17 3939 72 3992 One
94 3927 317 4032 sanctorum,
351 3940 416 4040 qui
437 3940 533 4042 apud
549 3943 666 4016 Deum
685 3939 759 4010 iam
777 3933 954 4013 versantes
973 3935 1036 4008 in-

18 4017 110 4099 edere
130 4061 204 4134 pro¹
220 4041 424 4117 vitentibus
446 4036 686 4147 putabantur,
703 4053 756 4112 -et
777 4037 820 4111 de
846 4026 1043 4116 animabus
1069 4117 1072 4124 ,
1178 4107 1181 4114 .

36 4146 185 4234 {nortem
209 4146 366 4217 interra
393 4144 659 4249 apparentibus.
716 4142 900 4213 Praeterea
926 4139 1036 4214 etiam
1068 4169 1072 4183 1

18 4236 207 4320 ¹¹¹gratioue
220 4245 345 4324 futtuo
359 4250 471 4320 animi
488 4245 528 4321 in
545 4246 615 4318 alia
631 4268 779 4345 corpora
799 4239 1037 4338 (μετενσωμά-

473 4393 478 4400 ·
575 4348 683 4448 sz

159 4633 164 4641 ἱ
245 4567 260 4622 s
