2468 5058
115 397 167 468 De
190 399 313 466 divion
328 358 535 486 scripturae
551 384 591 484 Ι.
618 392 839 460 maetoritote.
951 391 1021 463 tta

26 564 171 620 vindicavit.
190 565 269 640 Opp.
283 562 317 620 Τ.
330 565 369 620 11.
390 579 447 632 t4o.
465 589 501 604 -
532 559 676 614 Planek
691 557 790 628 Gestst.
805 559 834 613 d.
848 544 1036 630 Botilaiattc'

26 673 44 704 or.
56 653 167 718 liildung
180 651 230 702 dea
242 651 356 720 protest.
371 647 525 716 Leltrbegr.
548 647 581 700 V.
595 645 635 699 ll.
659 661 694 718 97
707 645 738 698 is.

14 791 21 856 J
34 793 55 842 l.
68 807 88 843 c.
101 789 177 842 inter
190 789 311 842 oausam
323 789 381 840 scr.
394 789 417 841 Ι.
433 783 613 838 efficientem
625 783 814 853 principalem
827 784 935 850 (Deum
947 781 1024 836 triu·
1133 833 1135 840 Α

26 879 101 940 orion)
115 885 142 926 et
157 875 403 943 infir-armentalem
418 870 594 938 (‚,hominee
608 871 664 923 Dei
677 871 812 936 sanotae,
828 883 901 938 quoa
914 867 1022 922 marito

26 964 62 1014 Dei
75 963 267 1028 amanuenses,
291 959 398 1015 Christi
412 975 513 1010 mortus
527 965 557 1008 et
571 945 688 1027 spiritua
703 956 723 1008 s.
744 955 915 1006 tabelliones
932 953 955 1006 s.
970 969 1023 1005 na·

26 1048 90 1098 terior
109 1046 295 1112 eacamua”)
323 1044 495 1100 Gerlrard
513 1042 587 1096 Loci
607 1041 711 1096 theoll.
736 1042 780 1096 ll.
803 1039 847 1094 as.
883 1037 1022 1094 Hellaa

28 1133 122 1184 irenen
135 1131 230 1184 theol.
252 1131 306 1184 Ed.
320 1131 385 1184 Tel
395 1129 460 1182 lor.
477 1144 512 1199 74
525 1125 575 1188 ss.;
599 1125 681 1178 inter
694 1123 877 1194 affistentiom
890 1133 919 1176 et
934 1123 1023 1193 inspi-

34 1219 150 1290 roo'onemj
175 1215 384 1282 aspirationem
399 1211 568 1281 (impulsum
582 1211 618 1264 ad
630 1209 843 1275 scribendum),
867 1207 1023 1278 poflspira·

35 1301 98 1350 tionem
111 1302 306 1370 (consequens
318 1297 514 1350 testimonium
526 1295 548 1348 Ι.
562 1294 804 1365 approbationem
818 1309 918 1348 rerunt
932 1301 961 1348 at
974 1311 1024 1348 to·

32 1401 68 1435 oon
78 1379 279 1452 scriptarum),
300 1382 519 1449 inspirationem
533 1379 670 1448 (pretinm
683 1363 938 1449 preasentildmam
951 1395 1024 1432 con·

27 1471 206 1537 comitantem).
251 1469 484 1522 Dannlrauer
506 1463 706 1532 Hodolophia.
731 1479 774 1531 54.
817 1461 1022 1532 Quenstedt

27 1556 97 1608 Theoi.
110 1556 166 1609 did.
181 1554 292 1623 poleno.
313 1554 338 1606 1.
356 1567 416 1624 μς
441 1551 520 1604 inter
533 1549 668 1618 inspirat.
683 1551 809 1600 activam
824 1555 855 1598 et
867 1547 1022 1616 posticam

24 1639 122 1710 inspirat.
143 1641 376 1703 antecedentem,
407 1649 480 1706 quae
500 1649 547 1688 rea
569 1633 657 1703 plane
678 1628 846 1700 incognitae
866 1631 1021 1701 scriptori·

25 1725 92 1778 bosi.
108 1724 270 1794 patefecit,
296 1723 553 1784 concomitantern,
579 1713 697 1788 quaein
712 1731 811 1768 rerum
829 1713 949 1768 aliunde
967 1733 1022 1770 no·

24 1818 90 1858 teron
105 1825 130 1859 v.
144 1825 170 1860 c.
187 1805 395 1858 historicarum
410 1797 586 1870 eapofitiorre
600 1812 715 1851 erraret
728 1797 893 1868 praecavit,
910 1805 940 1850 et
954 1815 1023 1852 eota·

21 1891 165 1958 sequentem,
191 1907 269 1976 quae
284 1888 411 1942 humana
426 1883 534 1952 scripta
553 1890 586 1935 ut
604 1875 674 1935 aer‘a
693 1895 747 1952 par
762 1877 933 1934 instinctum
946 1879 1022 1935 diri·

23 1989 69 2024 ntrn
86 1976 233 2044 probavit,
254 1973 343 2026 utin
366 1988 428 2025 evv.
448 1968 543 2022 Marci
564 1979 594 2022 et
612 1969 722 2022 Lucae.
757 1966 817 2020 Atio·
840 1965 937 2021 alitor.
972 1968 1020 2024 cs.

23 2056 223 2112 Doederlein
241 2059 310 2111 tntt.
326 2057 368 2109 th.
383 2055 452 2108 Chr.
471 2055 495 2108 1.
516 2069 565 2106 too
579 2053 600 2106 s.
635 2051 834 2106 Ditiorerent
847 2048 907 2106 iam
921 2053 1022 2134 ludaei

25 2138 125 2195 endecir‘n
137 2139 329 2195 revelationis
343 2137 460 2208 gredne.
491 2139 599 2190 Cotta
618 2136 654 2188 ad
669 2135 854 2189 Gerltardt'
871 2137 962 2192 Locoa
975 2135 1021 2192 th.

24 2223 46 2274 ll.
61 2234 85 2285 18
96 2227 124 2280 ii.
157 2225 337 2280 Descendunt
350 2223 454 2292 gradun
468 2220 670 2292 inspirationis
683 2219 815 2274 Tellar
830 2219 913 2284 (Diu.
927 2221 964 2276 da
977 2219 1024 2278 in·

24 2305 157 2372 spirationis
172 2311 229 2361 scr.
241 2309 267 2360 s.
282 2303 394 2358 iudicio
409 2303 578 2358 tormonte.
598 2303 705 2374 1764),
728 2301 890 2356 T'dllnar
902 2305 1022 2373 (singe-

23 2389 73 2458 loog
84 2397 107 2447 d.
121 2395 187 2450 leit.
201 2395 287 2447 Selor.
308 2408 382 2462 177¹·
405 2408 451 2458 ¹⁰5
467 2390 530 2458 ΙΙ),
548 2399 675 2461 quatuor
688 2389 831 2456 statuent,
854 2387 1022 2446 ldiolaao·

23 2473 55 2528 lie
67 2480 203 2548 (Dogmat.
231 2497 258 2534 a.
274 2479 307 2532 A.
335 2495 382 2532 raa
398 2478 443 2545 ΙΙ.)
463 2477 502 2532 al.

14 2602 205 2680 iQuenltedt
221 2616 330 2670 Theoi.
346 2615 404 2670 did.
419 2614 527 2686 palem.
554 2617 579 2670 l.
603 2634 633 2687 p.
648 2633 693 2686 5a.
725 2617 812 2684 „Vox
830 2615 1021 2674 revelatiouit

15 2694 83 2750 'notet
99 2703 141 2754 vel
161 2702 357 2760 materialiter
375 2699 470 2769 ipsam
491 2717 554 2753 rent
575 2700 752 2770 revelatam,
781 2701 829 2754 vel
846 2701 1020 2770 formaliter

25 2778 93 2846 ipsum
106 2796 198 2839 actum
212 2783 421 2838 revelationis:
447 2786 502 2838 lroo
514 2781 602 2836 modo
618 2794 738 2854 accepto
752 2785 882 2838 sumitur
896 2786 944 2840 rel
958 2787 1020 2840 lata

26 2879 61 2930 pro
77 2867 176 2937 quac'un
221 2889 237 2922 e
257 2887 359 2924 rerum
379 2869 565 2923 occultarum
582 2869 815 2923 manifestatione
833 2886 849 2923 a
868 2872 931 2924 neo
952 2889 1021 2942 pro·

13 2948 91 3032 ¹lecta,
112 2955 154 3008 rel
194 2955 272 3007 ricta
290 2971 345 3023 pro
364 2953 549 3007 revelatione
567 2952 621 3020 illa
639 2953 781 3024 peculiari
797 2963 827 3007 et
841 2955 972 3026 gratiosa
986 2956 1020 3010 ita
1050 3011 1054 3018 ,
1136 2941 1139 2955 Ι

13 3033 193 3114 leoninam,
219 3056 295 3110 qnae
313 3037 562 3111 supernaturalia,
588 3037 646 3090 lire
663 3036 807 3091 revelatio
826 3054 880 3106 per
894 3038 973 3108 Spin.
989 3041 1019 3096 S.

12 3119 155 3198 lappelletur
174 3136 203 3178 et
224 3126 265 3176 est
286 3134 367 3175 actua
390 3123 504 3175 divinua
525 3131 680 3189 exteram,
706 3140 765 3192 quo
785 3123 864 3176 Deua
883 3125 945 3177 sela
965 3125 1021 3180 lau-

12 3199 13 3212 *
27 3217 84 3255 neno
98 3209 190 3278 generi
204 3225 261 3278 per
274 3208 396 3260 verbum
410 3208 496 3259 suum
510 3205 653 3274 patesecit
668 3207 704 3260 ad
716 3206 875 3262 salutarem
890 3207 1021 3266 eiusdem

29 3290 237 3363 internetionem,
254 3295 301 3347 vel
316 3294 439 3362 denique
453 3291 646 3362 specialill'rmc
659 3307 711 3361 pro
724 3287 915 3362 ἀποκαλύψει,
934 3296 958 3348 Ι.
972 3313 1021 3348 ra·
1049 3275 1053 3282 Ι

28 3377 132 3434 relatione
146 3381 295 3450 Prophetis
309 3377 484 3448 etr'tpoltolia
498 3377 577 3430 facta
589 3393 644 3445 per
657 3373 763 3448 ἄμεσον
774 3379 913 3449 lllopevpev
929 3381 949 3434 s.
967 3381 1023 3434 im·

11 3463 149 3518 inediatnm
162 3466 235 3536 Spir.
251 3451 279 3516 Si
298 3459 445 3532 illapsum
459 3471 488 3514 et
507 3463 657 3526 afflatum,
679 3477 756 3530 quaa
775 3459 889 3536 πρώτως
909 3464 1021 3520 dicitur
1086 3523 1096 3530 ,

28 3547 162 3604 rontano.”
196 3551 229 3611 68
244 3550 275 3603 sl.
300 3545 484 3620 „inspiratio
500 3545 539 3597 est
554 3545 631 3597 actio
645 3546 769 3614 Spiritua
784 3547 828 3613 S.,
847 3565 904 3618 qna
918 3558 1020 3602 actua·

29 3624 141 3686 liorerum
153 3635 281 3704 cognitio
298 3629 464 3686 intellectui
481 3638 582 3682 creato
602 3630 868 3699 supernaturaliter
887 3632 1022 3686 infundi·
1071 3691 1075 3702 ι

30 3715 73 3774 tor3
90 3718 131 3770 ieu
146 3720 182 3771 ast
201 3721 319 3771 interna
333 3725 534 3784 conceptuum
554 3715 715 3785 suggestio,
741 3717 793 3772 seu
807 3717 934 3788 infusio,
960 3719 1019 3774 [iva

32 3805 61 3844 roo
71 3813 206 3869 conceptae
220 3803 283 3854 iam
298 3810 364 3852 ante
379 3798 519 3868 scriptori
541 3799 652 3852 inerint
670 3802 821 3879 cognitae,
845 3803 905 3856 siva
919 3804 1021 3858 occul-

33 3881 68 3928 teo.
93 3882 231 3938 Revelatio
252 3883 349 3954 potuit
367 3893 502 3954 tempore
521 3885 692 3938 antecedere
709 3887 918 3957 scriptionem,
941 3889 1018 3944 liaeo
1123 3885 1130 3907 “

32 3958 98 4052 (sulp)
110 3987 166 4022 cuno
181 3971 341 4038 scriptione
356 3971 469 4036 semper
482 3967 541 4020 tuit
555 3969 732 4037 coniuncta,
752 3981 782 4022 et
795 3970 827 4024 in
841 3973 931 4042 ipsam
945 3973 1018 4027 scri·

11 4091 12 4098 ,
35 4053 126 4104 pronora
138 4051 285 4106 influebat.
303 4081 339 4093 -
374 4051 553 4122 Quandoque
569 4051 659 4106 etiam
673 4053 765 4109 revel.
783 4071 850 4110 cum
864 4056 926 4126 ipsa
941 4057 1017 4129 iusp.

34 4136 141 4186 concurrit
154 4147 236 4206 atque
254 4135 411 4202 coincidit,
436 4137 552 4207 quando
572 4137 635 4189 trit.
655 4138 753 4191 divina
773 4142 907 4208 mysteria
926 4144 1017 4214 inspi-

35 4212 95 4266 rudo
104 4213 264 4290 revelantur,
281 4229 312 4274 et
324 4219 481 4276 revelando
493 4219 685 4291 inspirantur,
703 4221 734 4276 iu
746 4222 809 4296 ipsa
820 4225 987 4300 scriptione.
996 4228 1016 4259 ’'
