2476 5056
121 389 175 464 De
194 392 319 504 alirino
333 391 540 488 scripturae
553 387 596 485 s.
619 389 842 504 anctoritate.
951 395 1023 466 tat

16 566 59 640 nis
77 561 231 642 historiae
253 563 495 640 fundamentis
518 562 624 666 plane
646 559 830 652 destitutae
854 557 957 658 lunt,
989 573 1027 636 et

16 669 103 761 nina,
124 665 255 768 species
270 691 314 742 ao
329 663 514 759 mandata,
540 689 632 765 qnae
646 662 792 764 Angelis
812 663 852 736 in
867 661 971 736 libris
985 659 1024 738 ll'.
1104 659 1109 668 ’

16 769 194 864 nibuuntnr,
220 768 399 868 originem
412 765 596 842 Iudaicam
615 781 735 868 aperte
756 763 932 866 produnt;
963 789 1051 850 ne·‚
1146 845 1154 862 ⁸

16 871 50 940 n'a
64 895 153 962 raro,
184 867 233 942 ab
251 869 400 970 Angelis
421 869 462 942 in
483 868 587 944 terris
608 881 772 968 peracta,
804 865 937 954 talibus
957 864 1029 948 mir

16 967 194 1068 stuparum
210 969 323 1070 digna
337 969 418 1046 lunt
435 967 491 1068 (v.
507 969 596 1044 Gen.
613 982 672 1046 ta.
704 967 782 1043 lutl.
802 981 860 1062 1³,
879 963 953 1044 tll.
977 1003 1030 1024 -··

16 1084 106 1166 nn,
124 1087 156 1148 t.
181 1087 217 1150 a.
237 1071 360 1146 «Νωιι.
380 1085 440 1164 aa,
458 1067 557 1148 ants.
581 1068 669 1172 al),
705 1093 772 1144 neo
793 1069 932 1172 ponae,
964 1065 1031 1142 uhi

15 1171 83 1266 ignor
102 1173 164 1248 tali
185 1171 332 1248 vindice
355 1169 470 1247 nodus
493 1169 650 1268 exstitit,
683 1196 843 1271 unquam
866 1169 1029 1270 repetita.

15 1271 61 1344 loto
75 1272 253 1368 coelestes,
287 1293 441 1391 (piarum
460 1272 634 1350 rartffina
651 1273 799 1373 quidem
814 1269 864 1344 est
883 1268 1031 1365 mantio,

15 1371 144 1473 lennqne
158 1399 208 1450 ex
223 1375 350 1451 audito
366 1375 536 1474 varieque
550 1374 730 1475 explicato
743 1372 940 1450 tonitrunm
956 1371 1032 1446 sra-

15 1476 319 1578 ninterpretandae
333 1473 418 1570 elle,
441 1475 525 1550 letis
538 1475 735 1550 luculenter
745 1487 893 1576 apparet
908 1473 1033 1554 alonia

15 1573 151 1651 nludam
163 1577 314 1654 biblicis
328 1579 549 1678 alienamque
593 1575 764 1650 riloarum
777 1575 938 1675 gentium
1000 1575 1033 1648 i-

15 1675 107 1750 'nnilus
119 1679 295 1753 similibus
307 1677 361 1780 ¹¹).
396 1679 573 1754 samniae
606 1691 643 1752 et
655 1679 822 1772 vifiones,
842 1699 974 1850 quaep
989 1703 1035 1772 y-

15 1771 121 1874 lologiae
136 1779 217 1856 luce
235 1782 372 1882 optime
388 1777 654 1873 collustrantur,
685 1793 721 1854 et
741 1777 834 1852 fallis
850 1803 940 1880 prop
969 1777 1035 1850 etis

15 1871 183 1954 tenuntur
199 1879 432 1980 (lenanu.
467 1895 596 1973 nato.
631 1895 744 1973 aaa.
779 1876 1035 1977 Sirenae),
1078 1927 1083 1940 ’
1219 1947 1222 1958 ·

15 1978 97 2051 nulla
111 1983 273 2058 veritatis
291 1983 426 2058 indicia
446 1980 593 2056 halent.
642 1979 795 2057 Afflatue
810 1980 965 2080 deniqne
978 1979 1036 2052 ‹li-

15 2073 61 2148 lns
72 2079 92 2154 l.
102 2082 305 2186 inspiratio,
324 2109 415 2185 quae
428 2085 574 2186 proprie
588 2098 733 2184 aeoepta
746 2097 922 2184 repugnat
934 2079 1040 2156 ideae

15 2175 185 2258 mininie.
203 2186 352 2288 spiritns
369 2179 671 2286 perlectillimis)
692 2181 762 2281 (lo.
779 2193 814 2277 l,
831 2192 890 2259 24.
920 2183 1036 2260 2Cor.

15 2278 81 2386 lit.)
92 2281 318 2388 hominisque
333 2287 534 2360 libertatem
548 2301 583 2360 et
597 2284 806 2386 dignitatem
818 2282 1040 2358 intellectua-
1066 2327 1071 2336 .
1135 2343 1142 2354 .

14 2397 82 2488 luet
98 2389 267 2464 moralem
291 2387 566 2490 penitus-tollit,
598 2411 781 2488 quaeque,
815 2384 992 2486 loriptaua
1010 2381 1038 2462 l.

14 2473 63 2570 tle,
77 2484 247 2565 interdum
261 2505 297 2565 et
310 2505 440 2564 temere
455 2489 578 2566 omnin
608 2489 724 2562 oneris
735 2485 964 2580 hominibus,
981 2486 1042 2562 in-
1104 2515 1111 2527 ·
1133 2498 1136 2508 “

14 2569 76 2674 lgna
86 2589 184 2662 etiam
192 2647 204 2685 ,
230 2588 389 2668 concella
404 2590 538 2698 ¹(licitur
553 2511 608 2686 (ξ

14 2683 128 2762 undele
137 2690 244 2770 seculi
254 2691 410 2768 rudioris
419 2689 565 2766 effectus
577 2689 759 2769 mirabiles
773 2705 811 2764 et
822 2689 916 2794 ipsos
926 2689 1042 2764 animi

14 2794 76 2950 :glus
95 2789 244 2870 insolitos
269 2793 315 2868 ad
332 2791 648 2972 praelentillimani
666 2793 825 2866 numinis
845 2789 1043 2866 efficaciam

37 2891 132 2966 arentis
191 2913 256 2976 ,9,
283 2953 292 2972 ,

14 2969 98 3097 ilionis
109 2891 187 3069 eiii
193 2893 490 3100 inpimattualis‚
523 3021 615 3096 quae
629 2994 722 3070 lacti
737 2995 782 3070 V.
800 3007 835 3068 et
853 2993 899 3072 N.
915 2993 963 3070 T.
980 3018 1045 3069 co-

14 3072 63 3155 los
72 3091 258 3172 testimonio
271 3099 416 3191 nititur,
440 3100 528 3171 licut
544 3097 659 3170 omnis
671 3091 847 3170 eiusmodi
860 3095 1045 3190 sententia,

14 3179 134 3269 lelitionia
148 3205 344 3298 principii,
385 3197 481 3300 quod
506 3197 612 3298 vulgo
636 3197 788 3292 (licitur,
827 3197 918 3271 vitio
940 3195 1045 3271 lullo-

14 3286 78 3385 na)
96 3291 141 3393 (l
160 3301 252 3403 11.).
304 3301 461 3378 Omnino
474 3325 578 3393 vero,
604 3325 717 3399 quum
733 3300 879 3400 quaevis
898 3299 971 3374 alia
986 3325 1046 3373 rea

14 3399 84 3494 enata
101 3399 136 3471 in
154 3405 239 3479 orbe
262 3417 439 3478 teramum
452 3399 643 3502 conspicua
661 3399 733 3474 line
754 3399 827 3476 ullo
843 3401 913 3476 Dei
928 3400 1048 3474 admi-

15 3488 87 3563 naulo
99 3496 344 3602 supernaturali
357 3529 399 3578 ac
413 3501 626 3578 miraculoso
636 3501 977 3604 finemptopolitum
991 3499 1047 3574 al-

360 2910 517 2970 raeterea
532 2891 706 2996 pensualio
721 2893 768 2968 de
779 2895 927 2984 veritate
941 2917 1043 2968 reve-

598 2587 725 2688 .87.),
758 2589 975 2692 explicanda
990 2585 1042 2663 est
1197 2641 1200 2648 .

15 3575 75 3706 llll
91 3604 182 3696 pettit
200 3621 237 3682 et
254 3633 337 3682 vere
358 3603 576 3706 alloquatur,
613 3603 776 3699 nonest,
812 3604 911 3708 quod
933 3603 1048 3677 folum
1207 3625 1223 3640 ·‘

32 3707 158 3798 omnem,
189 3708 255 3782 nili
275 3706 533 3810 supernaturali
549 3705 722 3808 quadam,
755 3731 867 3806 eaque
882 3700 1049 3778 Iudaicae

19 3788 224 3902 ottonianae
246 3809 427 3912 religionis
441 3808 603 3882 instituto
620 3803 859 3901 manifestata,
884 3805 954 3878 Dei
969 3803 1048 3879 effi-
1101 3881 1112 3910 ί

20 3901 79 3964 tacta
90 3901 250 4008 adiutum,
271 3911 379 3986 finem
393 3911 459 4012 ipfi
471 3909 689 4011 propo'lltum
701 3905 862 3982 obtulere
875 3902 970 4006 polle
985 3933 1053 3992 ne-,

22 4003 113 4092 genus,
138 4033 281 4112 eumque
298 4013 385 4086 adeo
402 4000 624 4086 naturalihue
647 4010 759 4084 animi
781 4007 921 4082 viribus
942 4003 1049 4082 delti-

22 4091 95 4170 tunm
110 4105 164 4183 ell'e
184 4116 394 4206 l'tatuamna,
417 4129 472 4186 'nt
495 4113 662 4212 religioni
687 4109 776 4186 huic
800 4107 1049 4211 intelligendae

24 4196 90 4287 llll
101 4203 328 4296 llllullicanalae
341 4216 447 4319 plane
461 4213 503 4290 fit
517 4215 647 4317 impar.
660 4243 663 4255 ·
