2486 5054
319 385 377 458 De
401 341 477 458 Da'o
501 398 666 456 creatore.

404 557 566 660 §ma

293 697 684 792 Epicrisit.

55 864 212 938 Doctrina
235 864 301 940 illa
313 881 409 942 recte
426 867 628 942 examinata
646 865 756 940 variis
774 866 950 966 premitur
964 865 1038 941 dif-

15 963 159 1039 ultatilrus
166 1024 177 1060 ,
201 991 296 1067 quae
311 969 490 1070 prodeunt
501 969 636 1070 partim
650 994 670 1042 e
684 968 828 1042 notione
843 967 1037 1070 sapientiae

23 1065 189 1141 sanctitatis
206 1072 414 1172 congenitae
428 1071 496 1144 sibi
516 1083 756 1172 repugnante,
781 1094 847 1143 nec
861 1070 938 1171 ipso
953 1093 1037 1144 nar-

14 1169 91 1241 tionis
104 1169 297 1274 mosaicae,
322 1199 413 1276 quae
427 1171 575 1274 quidem
598 1167 831 1344 protoplastos
855 1173 1037 1248 communi

13 1271 129 1346 cunum
149 1289 279 1350 natura
300 1272 438 1350 sensum
468 1271 651 1367 illecebris¹
673 1275 834 1347 ornoxia
855 1275 1036 1378 praeditos

13 1371 65 1464 sse,
91 1399 110 1446 a
152 1391 207 1450 rte
224 1376 348 1470 docet,
380 1390 587 1477 argumento
605 1375 831 1470 coufirmata3
865 1377 1036 1477 partime

12 1487 88 1547 turae
132 1501 285 1552 nmanae
308 1477 488 1578 huiusque
507 1479 603 1550 vitae
630 1473 805 1553 terrestris
827 1479 933 1552 certis
952 1479 1037 1554 fini-

12 1599 39 1666 ιε,
63 1579 290 1679 proprietates
309 1579 477 1653 humanis
485 1577 708 1679 superiores,
737 1605 775 1652 r.
793 1604 825 1654 c.
848 1581 1035 1656 immorta-
1075 1651 1080 1662 .

13 1683 280 1782 ntemcorporis,
320 1683 465 1756 omnino
492 1679 786 1774 excludentibns3
824 1683 960 1784 partim
985 1709 1036 1759 ex

11 1777 92 1852 sorum
108 1783 335 1883 ‚populorum
358 1785 589 1884 antiquomm
618 1779 755 1876 mythis
787 1783 960 1858 similibus
989 1785 1036 1859 de
1091 1849 1095 1856 .

12 1893 59 1952 tate
81 1907 182 1958 aurea
203 1885 322 1978 dicta,
361 1885 422 1960 seu
449 1883 635 1987 primitiva
658 1881 815 1984 quadam
843 1885 1035 1960 hominum

10 1991 43 2052 tae
61 1985 256 2061 conditione
280 1988 439 2061 feliciore
460 1987 698 2084 laetioreque,
737 2011 829 2086 quae
849 1987 973 2064 sensim
994 1989 1035 2062 in

10 2084 147 2160 teriorem
167 2089 300 2163 abierit
313 2088 366 2189 ⁰).
426 2085 547 2182 Quum
567 2112 652 2160 vero
675 2086 851 2188 scriptura
869 2091 896 2164 s.
921 2091 1034 2164 alium

10 2207 83 2284 toque
107 2189 290 2266 doctrinae
323 2201 453 2294 typum
482 2185 673 2281 exhibeat,
712 2215 783 2290 quo
813 2217 937 2266 veram
963 2192 1034 2266 Dei

10 2288 129 2383 reginem
141 2289 353 2375 hominibus
379 2289 572 2366 concessam
594 2290 635 2366 in
658 2307 776 2365 mente
794 2289 841 2365 ab
865 2319 983 2367 erroro
997 2307 1033 2367 et

9 2403 84 2462 nanto
112 2417 200 2492 pura
229 2409 267 2469 et
292 2393 411 2468 sancta
439 2391 641 2494 ponendam
665 2406 701 2466 et
734 2393 781 2468 ah
815 2421 1033 2496 unoquoque

8 2491 123 2566 tuinnm
141 2521 208 2597 pro
259 2513 334 2570 arte
356 2491 752 2599 viriliexprimendam
774 2495 840 2572 esse
863 2497 1033 2572 docemur

8 2587 1030 2700 maam.am÷m.fflsauo1hn

27 2693 105 2792 15.):
142 2725 184 2773 eo
211 2700 385 2774 libentius
413 2697 508 2774 lianc
537 2697 746 2776 sententiam
769 2702 1031 2805 amplectimur,

7 2801 134 2897 nnagis
149 2826 191 2875 ea
205 2829 292 2876 cum
307 2802 445 2876 summa
466 2799 625 2876 hominis
638 2800 870 2877 destinatione
888 2805 934 2876 ad
948 2807 1031 2906 piae

7 2899 81 2970 anns
99 2905 328 3004 veritatisque
343 2904 501 2978 studium
516 2917 551 2981 et
570 2902 779 2978 felicitatem
801 2905 885 2979 inde
906 2909 1032 2980 ariun-

7 3017 47 3088 tm,
68 2999 253 3106 scripturae
278 3006 305 3080 s.
330 3003 453 3080 effatis·
467 3005 624 3080 indicata
641 3004 681 3103 ⁶)
707 3004 780 3102 (Ps.
801 3015 862 3099 et,
888 3018 945 3084 16.
970 3021 1028 3086 16.

7 3105 1029 3200 semmenmmannnmam-m.

7 3198 1028 3304 nmflamamnaetmffiaormn

15 3304 37 3370 s.
65 3319 79 3378 1
96 3307 184 3399 Patr.
204 3325 238 3406 1,
267 3309 361 3406 15.),
396 3327 431 3384 et
447 3337 529 3384 cum
542 3309 646 3386 sanae
664 3312 813 3386 rationis
829 3316 1029 3415 praeceptis

7 3397 116 3482 asentit.
180 3413 280 3506 Quae
311 3439 425 3512 quum
453 3414 504 3485 ita
535 3413 621 3505 lint,
662 3411 766 3486 facile
797 3415 1030 3514 intelligitur,
1120 3435 1125 3444 ’

7 3507 113 3580 toniodo
146 3515 388 3614 protoplastis,
432 3529 623 3613 antequam
651 3531 839 3615 peccatum
868 3519 1028 3618 primum

8 3608 191 3708 eniterent,
230 3617 350 3714 imago
371 3617 492 3689 divina
525 3617 659 3716 potiori
680 3619 838 3716 quodam
865 3618 965 3691 sensu
991 3632 1026 3691 et
1128 3668 1136 3682 ι

7 3713 52 3776 sus
64 3709 276 3804 irruoeentiae
291 3718 404 3791 tribui
418 3717 539 3818 possit,
569 3729 604 3790 et
618 3721 797 3816 quomodo
821 3718 921 3792 haud
941 3745 1026 3820 per-

7 3825 65 3880 ran
80 3811 230 3912 dicatur,
267 3820 461 3920 imaginem
489 3817 593 3892 istam
623 3818 724 3920 lapsu
752 3848 800 3893 ex
830 3837 930 3920 parte
958 3819 1025 3894 esse
1080 3861 1089 3894 t

7 3903 135 4090 gillgnpfi
151 3917 308 3995 Omnino
323 3936 442 3996 autem
465 3917 574 3996 homo
588 3922 664 3994 Deo
680 3921 803 3996 fimilis
824 3946 896 3993 non
911 3919 1025 4001 nasci-
1045 4029 1048 4032 Α

22 4060 29 4096 ,
61 4041 76 4086 e
135 4033 159 4094 t.
443 4045 448 4052 ’
627 4051 630 4056 ’
871 4053 874 4060 ’

7 4151 20 4216 Ι)
38 4155 167 4226 florina.
188 4171 335 4242 Theognis.
359 4186 505 4242 521-79.
542 4169 638 4243 Opera
660 4178 691 4224 et
712 4130 782 4220 elien.
800 4169 880 4240 ayss.
919 4169 1023 4226 ovid.

22 4235 79 4298 mss·
96 4247 116 4318 Ῑ,
130 4255 204 4338 8911.
237 4257 310 4319 att.
330 4273 459 4332 quaa-,ex
476 4255 631 4346 Platone
649 4263 680 4309 et
696 4251 866 4308 Diodoro
885 4253 943 4321 sic.
962 4256 1022 4311 ool·
1050 4337 1052 4345 J
