2528 5060
382 379 441 450 Da
457 379 657 474 Religion·
805 451 811 468 ,
1019 387 1066 454 ss

40 551 158 652 publicam
176 563 207 622 et
226 575 380 624 morum
402 551 625 653 disciplinam
646 563 741 625 recta
756 547 1001 642 oonllitntaan,
1024 573 1069 623 eo
1110 567 1119 585 '
1166 577 1173 612 a

37 653 162 750 perseum
176 665 208 724 et
227 652 274 723 aa
296 651 397 726 liene
417 653 591 754 beateque
604 651 796 726 vivendum
812 650 992 726 efficacior
1006 651 1069 724 illa

35 757 88 846 luia
106 781 157 853 ipo
167 755 275 851 magis
289 755 425 854 religio
440 781 460 828 a
476 757 570 829 veris
584 779 728 828 morum
741 754 939 854 praeceptis
952 752 1069 826 aliena
1198 765 1202 778 '

35 857 87 944 laic,
109 857 307 953 euganeiorn
329 853 546 932 homiuibus
567 855 780 935 detrimenta
802 855 939 946 attulit;
973 853 1069 928 unda
1134 917 1137 926 ,

38 955 337 1030 cluninasshriltiann
353 960 499 1032 virtutis
514 957 671 1034 studium
685 983 768 1031 cum
784 956 954 1054 religione
969 955 1069 1030 omasi

36 1057 105 1126 nula
115 1057 325 1155 copulandum
340 1057 410 1133 elle
427 1075 522 1134 recte
536 1061 722 1162 praecipit.
749 1055 879 1132 atnam
896 1067 930 1150 6,
946 1070 980 1135 8.
1008 1073 1070 1152 22,

40 1171 81 1228 aa.
102 1157 172 1232 ltus.
186 1175 242 1252 12,
262 1175 332 1238 aa.
369 1163 420 1238 10.
439 1171 474 1256 4,
492 1173 551 1240 ac.
590 1177 606 1238 1
626 1163 725 1236 Tim.
744 1174 777 1254 a,
800 1175 844 1237 ae
860 1157 897 1234 ll.
928 1157 1014 1234 110.
1033 1171 1070 1255 a,

47 1271 68 1327 a.
88 1259 165 1332 alea.
183 1275 213 1354 1,
233 1269 272 1337 t.

98 1359 185 1460 ll'upe
204 1377 338 1438 tanuen
361 1361 514 1466 impedit
535 1359 626 1438 haec
651 1360 833 1464 religionis
849 1363 1072 1460 subiectione

36 1455 200 1536 etluaeltatis
216 1466 437 1540 coniunctio
454 1465 599 1558 intima,
631 1465 839 1564 quominus
862 1467 988 1564 religio
1009 1469 1072 1538 ot-

36 1565 113 1630 iante
126 1563 144 1636 l.
156 1563 324 1640 doctrina
340 1567 526 1667 religionis
542 1563 596 1666 (§.
616 1563 672 1666 t.)
689 1582 865 1640 momenta
879 1565 988 1641 liuius
1003 1595 1072 1670 po-

36 1661 89 1731 lim
103 1663 265 1764 separatim
284 1683 419 1744 tractet
443 1683 477 1754 et
499 1669 683 1769 religionis
710 1669 855 1770 proprie
882 1671 929 1743 sic
954 1669 1073 1746 dictae

36 1760 602 1870 etctlicadoctrinadistinguatur.
654 1769 735 1865 Quo
757 1773 850 1844 lacto
869 1771 951 1866 illa,
978 1769 1072 1874 quae

41 1863 144 1940 tamnen
155 1871 423 1946 neeeffitudinis
445 1873 537 1946 inter
553 1873 671 1946 Deum
691 1867 886 1949 hominem(
900 1899 945 1946 ue
961 1873 1072 1948 inter-

49 1961 348 2056 celantisimmeclinte
361 1973 538 2075 spactant,
560 1969 857 2076 comprehendet3
881 1901 972 2050 liaeo
987 2003 1074 2052 vero

53 2061 138 2159 lingula
146 2077 270 2172 agendi
296 2078 439 2176 regulas
459 2073 713 2150 e'conlcientia
735 2077 822 2176 legis
841 2077 1074 2152 moralisdu-

48 2165 201 2248 sideraad
216 2181 402 2252 rationem
416 2178 514 2250 illam
530 2179 847 2252 accommodandas
867 2179 1070 2258 iltul'nnbir.

41 2261 70 2332 lt
82 2293 132 2342 uero
149 2279 284 2354 etiarnsi
307 2280 491 2352 uuirerl'us
509 2280 553 2353 ‹le
570 2277 699 2356 officiis
716 2305 797 2380 erga
817 2298 954 2356 nosmet
978 2281 1073 2386 ipsos

41 2361 134 2480 llasqm
150 2374 317 2456 homines
341 2381 439 2455 locus
466 2381 560 2454 tradi
585 2381 721 2482 potell,
764 2383 858 2456 nullu
888 2383 1073 2482 religionis

40 2481 121 2544 anone
135 2474 275 2578 hahita,
317 2483 431 2556 inulto
455 2497 573 2556 tarcian
598 2481 797 2582 augustior,
834 2481 1014 2560 efficacior
1035 2501 1072 2560 et

41 2563 150 2682 lalaluinr
161 2584 207 2657 elt
223 2613 268 2659 en
293 2611 436 2658 ntorum
450 2567 610 2658 aloctrina
621 2563 637 2676 ‚¹
665 2610 757 2686 qnae
775 2589 941 2659 concitem
960 2583 1072 2662 habet

40 2667 157 2767 religionis
177 2688 455 2786 perlnefionem,
492 2713 540 2758 ex
563 2711 675 2787 eaque
697 2713 790 2761 nova
812 2689 988 2790 quaedam
1011 2715 1071 2764 ea-

42 2765 134 2886 lcpque
149 2785 347 2884 gracillima
361 2789 466 2892 ¹capit
485 2785 719 2864 llrmonnenta.
770 2792 1011 2866 Veruntamen
1032 2793 1072 2866 in

42 2871 83 2966 llll
98 2876 262 2966 hominum
286 2893 362 2966 vita
387 2890 569 2990 religionis
592 2891 647 2966 vis
670 2919 743 2966 non
764 2891 877 2966 loliani
893 2921 935 2967 co
955 2895 1072 2968 cemi=

42 2983 84 3066 lu,
105 2989 183 3080 quint
200 2996 316 3068 virtus
340 2993 401 3068 illa
423 3009 595 3092 tanquam
614 2993 844 3068 fundamento
865 2996 1010 3088 nititur,
1036 3010 1072 3070 et

42 3079 96 3168 (pali
108 3087 309 3170 aulnainioulo
325 3097 496 3194 erigitur;
527 3095 587 3167 l'ecl
602 3099 710 3170 etiam
726 3097 823 3196 quod
840 3098 878 3168 in
893 3098 986 3172 vitae
1001 3093 1073 3170 hut-

45 3187 383 3306 mnulifficmntibus
395 3197 633 3296 molestiisque
647 3197 956 3298 tranquillitatem,
974 3199 1073 3300 spem

47 3281 202 3372 ctlrlucaam
226 3299 354 3373 animis
376 3295 500 3391 affert,
540 3295 794 3398 hominemque
815 3299 853 3372 in
874 3325 953 3373 enm
974 3303 1072 3376 viam

46 3371 146 3486 lanc-iu,
168 3426 252 3500 apua,
279 3393 512 3504 clironomian
534 3415 570 3474 et
592 3400 666 3502 ipsc
688 3415 722 3474 et
744 3415 857 3474 totum
875 3417 986 3500 getius
1001 3399 1073 3476 hta-

43 3499 133 3594 aarum
147 3505 299 3598 genitum
319 3505 380 3596 lit,
413 3504 547 3604 optime
565 3495 762 3602 intelligere
780 3501 892 3604 pollet.
927 3569 930 3576 1
946 3505 1072 3603 Neque

45 3600 113 3697 uuus
124 3603 290 3704 religionis
304 3605 466 3680 «lontrina
482 3603 616 3678 ethices
638 3606 844 3678 adiumento
862 3630 982 3680 carere
1004 3634 1073 3706 po⁴

45 3683 89 3800 ll,
111 3710 260 3796 (pannium
281 3707 383 3781 ideae
407 3707 453 3779 acl
477 3707 685 3808 religionem
707 3706 902 3807 lpectuntes
918 3733 989 3778 nnn
1007 3710 1071 3781 uili

47 3798 135 3872 tationis
151 3811 320 3906 practicae
342 3823 377 3882 et
399 3809 632 3888 conscientiae
657 3807 815 3882 hominis
837 3808 982 3881 naoralis
1004 3836 1072 3910 ope

45 3903 97 3964 tacte
107 3903 245 3985 conticui
259 3925 295 3984 et
310 3911 513 4004 confirmari
529 3907 678 4012 poll'unt.
732 3913 896 3984 Ceterum
912 3907 1071 4010 ‹puaellio

48 4007 79 4098 aa,
94 4017 181 4086 aarum
195 4015 321 4111 religio
337 4012 385 4086 ex
401 4013 517 4086 l'tualio
539 4011 729 4086 honestatis
751 4013 790 4086 in
810 4013 933 4084 animo
950 4009 1071 4086 honsi-

46 4108 232 4208 nlsulcatur,
270 4140 315 4188 nn
339 4142 358 4194 a
379 4115 550 4213 religione
573 4115 693 4215 potius
715 4113 786 4188 hoc
808 4115 964 4190 l'tuclium
986 4125 1071 4215 pro-

49 4183 103 4293 la,
126 4229 160 4290 u
178 4217 281 4318 upra
309 4216 759 4320 proposuissemus,
793 4231 853 4328 uc,
886 4212 1069 4295 iomanem
