2486 5054
453 317 461 352 l
554 345 560 360 .

321 395 379 470 De
404 399 480 470 Deo
502 407 670 470 emmae:
970 369 1053 480 aot*

9 575 76 672 aa),
97 571 220 674 qnippe
234 571 299 673 qui
312 571 370 646 rel
384 569 574 648 hominum
588 567 692 649 cau'sa
706 567 757 670 ὀ),
781 569 838 648 vel
851 573 1044 682 voluntate,

9 677 33 748 el
50 678 189 748 bonitate
211 672 274 750 sua
297 669 361 771 (ξι
379 689 438 757 96.
464 703 499 750 α.
520 673 580 774 c.)
605 673 753 767 ductus,
787 677 962 756 mundum
980 711 1046 786 per

9 778 109 850 ¹erbum
129 775 281 851 sfilium
295 779 398 848 suum
412 775 467 873 ὓ),
494 775 720 862 sormaverit,
749 776 845 852 etde
866 785 1046 864 creatione

9 876 146 950 xnihilo
160 875 199 976 θ)
220 876 368 952 'strenue
396 877 636 953 defenderent.
699 875 782 952 Ori
788 883 919 977 genis
956 911 1044 964 vcro

9 969 143 1052 satanicis
155 977 285 1055 imbuti
299 977 541 1080 opinionibus,
558 1001 712 1078 quarum
725 981 922 1078 nonnullas,
948 989 1047 1068 velut

9 1079 134 1154 leanitna
147 1081 272 1176 mundi
285 1079 339 1178 ⁶),
365 1077 532 1182 huicipfi
545 1079 625 1154 loco
641 1078 846 1176 admiscuit,
872 1083 1046 1188 placilum
1162 1119 1166 1128 ·

9 1181 24 1252 le
38 1182 159 1256 infinita
178 1181 394 1256 mundorum
415 1182 572 1256 invicem
593 1180 632 1256 se
651 1182 735 1255 exci
761 1181 911 1262 sentiunt
931 1193 1046 1270 alteo

9 1297 151 1357 natorum
162 1277 326 1382 seriel),
358 1283 484 1384 paucis
498 1281 710 1384 probatum,
735 1203 823 1360 sicta
845 1287 1047 1370 Lactan-

9 1385 31 1456 :ii
53 1385 89 1457 de
106 1384 167 1476 sex
197 1380 373 1460 aetatibus
394 1385 523 1460 mundi
545 1381 791 1484 tententiae),
832 1388 880 1462 ab
903 1393 1051 1472 ecclelia

9 1483 151 1560 uhodoxa
171 1479 346 1562 reiectum
371 1485 433 1561 est.
496 1485 622 1586 Neque
643 1488 758 1586 magis
779 1505 944 1590 acceptae
965 1495 1062 1574 luna

9 1589 134 1684 piniones
157 1613 183 1661 a.
198 1587 382 1662 nonnullis
403 1586 580 1688 prolatae,
614 1601 721 1688 atque
741 1583 800 1664 his
822 1592 905 1694 ipsis
918 1595 1049 1676 diebus

18 1685 207 1790 philosophis
224 1687 444 1798 ‹prnhnsdam
464 1703 665 1782 revocatae,
681 1687 792 1792 ,asan
807 1717 950 1808 quoque
964 1698 1049 1778 suos

9 1787 38 1860 sa
54 1788 235 1892 spattust)
260 1815 372 1892 eaque
394 1789 482 1863 ficut
508 1813 658 1892 corpora
677 1791 854 1868 terrestria
875 1793 941 1873 else
965 1805 1049 1878 ani·

10 1905 59 1962 iata
73 1888 117 1989 ι’),
148 1907 182 1968 et
201 1908 346 1996 praeter
362 1891 537 1967 mundum
551 1894 719 1988 vifibilem
736 1893 847 1968 alium
861 1897 927 1974 esse
942 1905 1052 1978 iutel-

10 1996 128 2086 igililem
141 1991 192 2094 ¹¹).
250 1997 437 2070 Praeterea
469 1991 510 2068 in
538 1993 803 2095 interpretanda
824 1997 981 2080 Mosaica
1003 2007 1052 2084 de
1108 2072 1114 2082 ,

12 2098 139 2174 rannone,
151 2093 281 2174 mundi
301 2097 504 2172 narratione
528 2093 691 2172 doctores
711 2096 874 2174 ecclesiae
893 2102 1050 2183 diversas
1113 2155 1117 2170 ·

12 2197 113 2270 aarum
131 2201 225 2294 vius,
259 2200 330 2291 ita,
362 2211 404 2272 ut
428 2197 492 2270 alii
514 2197 660 2298 quidem
684 2203 864 2296 historice,
888 2203 1050 2282 Alexan.

14 2297 61 2370 rini
80 2300 278 2376 Clemens
310 2314 346 2372 et
372 2297 593 2398 Origenes
626 2305 813 2396 allegorice
835 2327 915 2380 eam
936 2309 1072 2398 inter,

14 2413 172 2476 rotarentur
193 2397 248 2501 (§.
270 2411 328 2477 96.
354 2398 430 2498 lu),
464 2399 627 2501 plerique
644 2417 763 2476 tamen
782 2405 839 2478 vel
860 2421 1051 2516 utramque

14 2503 209 2600 iterpretanrli
219 2503 398 2578 rationem
410 2503 664 2604 coniungerent
677 2501 731 2602 ¹),
757 2505 813 2578 vel
828 2513 962 2583 literali
982 2535 1051 2590 ex-

14 2595 140 2678 litationi
152 2605 319 2682 tenacius
340 2601 576 2678 inhaererent.
634 2603 862 2702 scholastici,
893 2611 1050 2715 Augu.

15 2701 72 2775 ini
89 2705 168 2778 vesti
198 2709 229 2779 'u
244 2717 463 2806 prementes,
488 2705 601 2778 multa
616 2704 886 2808 disputaverunt
900 2713 943 2789 de
957 2731 1050 2795 tam-

15 2823 55 2874 are
68 2821 98 2878 et
109 2733 212 2882 moisi
227 2807 417 2881 creationis
431 2833 451 2879 e
465 2803 581 2880 nihilo
595 2807 683 2882 etde
698 2809 1055 2910 aliisquaeslionibus'

15 2925 88 2978 uun
111 2908 294 2984 fructuosis
308 2905 370 3006 m).
430 2907 557 2982 Seculo
585 2906 765 3010 superiore
793 2913 911 2990 medio
941 2933 1051 3021 utque

15 3008 120 3104 renate,
143 3010 330 3112 repudiata
344 3007 704 3110 tandem-aliquando,
729 3035 839 3113 quam
851 3017 917 3118 ipsi
931 3018 1052 3098 sacro-

15 3129 52 3177 un
65 3111 294 3186 emendatores
309 3133 440 3210 eosque
454 3109 564 3184 secuti
577 3109 822 3207 defenderant,
843 3115 1013 3198 sententia
1028 3151 1052 3200 e
1140 3161 1144 3166 ·

16 3212 219 3288 arationibus
244 3209 411 3286 Mosaicis
430 3210 478 3284 ad
499 3210 651 3288 verbum
678 3213 864 3292 intellectis
886 3227 1053 3324 repetita·
1095 3259 1097 3266 ’

16 3311 150 3408 uplicior
170 3329 206 3388 et
231 3313 417 3388 liberalior
443 3311 488 3385 de
517 3314 694 3392 creatione
721 3313 883 3394 doctrina
907 3349 1053 3423 parcre·
1174 3353 1178 3360 “

15 3409 102 3510 nitu).
147 3415 246 3493 Tum
260 3415 367 3489 etiam
382 3414 426 3490 de
441 3415 544 3488 initio
559 3415 747 3492 creationis
761 3418 818 3492 vel
831 3421 1051 3504 admittendo

15 3507 37 3578 al
57 3541 118 3588 nun
146 3515 364 3592 admittendo
394 3517 594 3593 accuratius
625 3518 820 3618 quaestum
849 3539 885 3596 et
908 3544 1052 3605 aeterna

14 3610 108 3704 guidem
135 3617 261 3692 muudi
278 3619 422 3691 'creatio
455 3616 564 3691 morlo
591 3613 731 3693 defensa
747 3619 804 3719 ⁰),
844 3626 950 3700 modo
979 3632 1051 3706 int*

15 3731 134 3815 *agnata3
173 3719 221 3794 ab
249 3717 349 3810 aliis,
386 3719 552 3820 inprimis
575 3719 774 3796 Kantienae
805 3721 1054 3830 philosophiae
1100 3765 1103 3772 ¹

15 3817 175 3914 autoribus,
206 3821 257 3893 ita
275 3819 420 3894 definita
435 3819 502 3914 est,
519 3833 577 3893 ·ut
595 3821 751 3895 mundus
773 3837 880 3898 extra
899 3841 1051 3932 tempus,

15 3910 105 3991 'cluna
120 3947 199 3996 oum
212 3921 273 3994 illo
286 3937 425 3996 creatus
438 3920 677 4020 dicereturt’).
715 3923 1053 4010 Recentiore'uetate

16 4005 277 4122 hantiquiffima-
302 4022 437 4098 telluris
459 4021 575 4100 sumta
597 4021 777 4124 huiusque
802 4027 1052 4111 'immutatione
1130 4073 1134 4092 ·

16 4117 148 4196 tovisstma
174 4125 262 4210 item
284 4150 329 4198 ue
361 4123 406 4197 de
432 4150 553 4199 rerum
584 4121 823 4210 humanarum
851 4133 1051 4234 uriginibus

17 4219 157 4306 uaefitun
171 4223 221 4304 elt
244 4150 299 4325 (s.
317 4234 380 4307 aa·
394 4224 449 4328 t.)
466 4225 518 4326 t).
551 4292 556 4306 ,
619 4323 655 4402 U
679 4295 703 4408 ,2
