2468 5048
15 371 130 446 relicino
147 376 222 471 inst.
230 373 371 468 solutis
386 379 482 446 hum.
492 399 560 468 per
569 377 598 445 I
609 373 693 444 car.
706 375 934 466 reparandan
956 377 1032 460 ‚441
1136 381 1142 390 '

15 575 170 650 anquam,
202 547 410 650 praesertim
423 547 765 641 innocentiffimum,
792 571 859 622 nec
872 547 987 622 virtus
1002 562 1038 622 et

15 657 95 746 [nitas
117 653 276 745 moralis,
311 674 383 752 qua
406 678 500 724 unus
522 651 654 750 aliquis
673 651 818 748 insignis
837 649 965 732 luerit,
998 651 1038 722 in
1125 687 1128 698 ·
1158 737 1164 742 ⁸

15 757 104 852 iquos*
116 770 314 854 peccatores
344 753 530 826 transferri
553 752 668 852 pollis.
728 753 845 842 Poena
868 751 965 824 enim
987 749 1039 824 est

15 856 75 926 lum
88 882 164 928 cum
179 869 324 954 peccato
339 853 581 946 coniunctum,
605 853 702 954 quod
718 853 784 954 ipfi
797 850 937 926 homini
952 879 1039 953 peo-

14 958 43 1026 nt
57 957 241 1056 infligitur,
269 973 304 1029 et
325 955 479 1049 malum,
505 955 603 1056 quod
621 960 790 1030 innocens
803 953 925 1047 sentit,
955 981 1038 1054 per-

14 1083 66 1128 ·anr
79 1083 185 1157 poena
199 1058 344 1132 dicitur.
392 1057 554 1150 Accedit,
578 1058 675 1157 qnod
687 1081 821 1158 poenae
836 1055 914 1155 post
926 1057 1039 1130 vitam

14 1161 151 1232 el'entem
164 1158 361 1252 secuturae,
386 1159 474 1232 sicut
489 1185 624 1260 poenae
639 1158 816 1238 naturales
829 1161 903 1232 iam
916 1159 956 1230 in
969 1155 1040 1234 hae

14 1275 171 1360 rpoccata
195 1261 392 1361 saepissime
414 1261 619 1362 sequentes,
652 1287 718 1362 per
738 1275 890 1334 mortem
907 1257 1041 1333 Christi

13 1389 86 1434 nme
107 1363 263 1437 sublatae
277 1361 376 1456 sunt,
408 1378 514 1464 atque
540 1367 755 1456 etiamntnn,
778 1360 889 1434 'solva
904 1359 1040 1434 iustitia
1121 1421 1126 1433 .
1167 1396 1169 1407 ·

13 1465 73 1555 lna,
94 1462 165 1538 sors
178 1463 372 1538 tristissima
389 1464 467 1564 post
483 1480 636 1538 mortem
650 1480 874 1565 peccatorem
888 1462 928 1536 in
941 1463 1040 1536 vitiis

13 1563 210 1641 lacerantem
236 1582 366 1640 manet.
403 1568 524 1662 (Rom.
554 1583 588 1658 2,
616 1567 669 1660 9.)
720 1561 785 1664 Sin
809 1581 928 1638 autem
953 1564 1041 1637 olie-

13 1669 109 1740 otiam
132 1667 266 1743 Christi
294 1666 466 1769 pasfivam
498 1668 545 1741 ad
577 1667 750 1742 tollendas
781 1665 871 1750 solas
887 1663 1042 1768 'peccati

13 1770 119 1864 ginalis
140 1797 273 1872 poenas
298 1770 464 1872 positivus
489 1769 634 1866 valuisse
656 1769 842 1844 statuimus
856 1769 915 1861 ⁰),
951 1767 1042 1844 haec

12 1863 107 1942 tentia
129 1873 258 1954 iisdem
265 1927 276 1964 ,
317 1871 450 1971 quibus
476 1872 606 1970 dogma
632 1871 676 1946 de
702 1879 847 1973 peccato
873 1871 1040 1968 originis,

12 1973 111 2046 emitur
123 1973 406 2048 difficultatibus.
435 1967 488 2070 (ὅ.
510 1971 615 2072 117.)
665 1974 791 2074 Longa
808 1979 955 2068 deniqne
975 2001 1044 2046 ex·-
1078 2033 1084 2048 .

12 2073 110 2146 ricntia
130 2075 302 2168 ostendit,
338 2089 514 2174 quantum
528 2075 661 2148 fiducia
687 2077 727 2150 in
748 2073 901 2176 piaculis
925 2075 1043 2184 quali-

12 2181 146 2276 scunque
159 2179 332 2254 collocata
356 2177 569 2250 emendandi
583 2175 700 2250 studio
714 2176 929 2275 virtutisque
946 2178 1044 2280 lere-

12 2278 47 2346 nti
64 2294 95 2350 et
115 2307 217 2354 verne
243 2279 370 2379 pietati
386 2279 564 2370 nocnerit,
597 2280 733 2381 quippe
750 2303 842 2378 quae
857 2277 1043 2352 hominem

11 2380 106 2546 unit
127 2382 165 2456 in
181 2381 249 2466 suo
280 2381 389 2482 ipsius
413 2395 555 2482 pectore
578 2381 726 2468 salutem
747 2379 847 2455 suam
870 2406 1043 2481 quaerere

17 2495 78 2554 teat.
237 2503 242 2512 ’

50 2631 242 2690 Eberhard
261 2631 717 2706 N.Apologie=d.Socruces.11.
736 2642 787 2704 248
800 2635 833 2690 Π.
869 2631 1044 2701 (Bahrdt)

26 2717 148 2789 Apotogie
162 2726 188 2776 d.
209 2723 365 2790 l'aernunft,
390 2719 481 2790 durch
496 2719 613 2774 Griindc
632 2722 660 2774 tl.
674 2719 787 2790 Schrist
806 2722 1002 2786 urtcorsliitzt,⁸
1014 2721 1047 2772 in

27 2803 107 2872 Berug
119 2807 177 2875 auf
186 2809 214 2860 d.
232 2804 348 2880 Chrtfll.
367 2805 590 2873 Verso'hnungss.
609 2804 674 2858 Bas.
692 2813 767 2876 1781.
803 2805 897 2856 Kunt
909 2803 1047 2870 Religion

27 2886 123 2946 inunt.
135 2895 163 2946 d.
178 2892 309 2945 Grcnnn
323 2891 352 2943 d.
367 2890 479 2957 blossaen
499 2889 579 2941 tarn.
602 2901 678 2956 1794.
700 2889 752 2941 260
764 2889 796 2944 ss.
831 2889 970 2942 Laffler
990 2889 1047 2940 Van

27 2973 49 3024 tl.
67 2975 163 3036 tirctt,
185 2972 503 3044 Genugtsruungslehte.
540 2973 685 3026 Herder
713 2973 771 3024 Von
789 2973 870 3042 stet,
899 2973 1048 3026 Lehrmei-

29 3057 504 3131 osingeruGeiriiuchon.29711‘.
540 3055 743 3109 Tioftrunh
766 3056 904 3126 Religion
917 3061 944 3112 d.
958 3055 1048 3110 Misn-
1105 3113 1111 3134 Ι,
1149 3071 1154 3096 ¹

29 3141 144 3206 ‘ligent
160 3166 212 3220 337
226 3148 257 3201 ss.
290 3147 487 3214 Nienreyer
501 3141 599 3208 Briefe
611 3161 650 3195 nn
662 3141 776 3216 Christi.
788 3143 1047 3210 Religionslehnr.

24 3223 191 3388 ἓρᾶἒιδιοίέὲ
206 3234 260 3372 [Β.
285 3232 439 3300 Kiippen
470 3229 660 3300 Dorflaellung
682 3228 710 3286 d.
729 3227 853 3320 Wcscns
876 3229 926 3282 der
945 3227 1050 3282 Pttto-

11 3425 28 3492 Ι)
42 3430 320 3496 Brettchueider
338 3437 454 3492 Hunis.
469 3434 617 3520 ¹¹·D08m·
636 3436 676 3489 11.
695 3451 722 3492 a.
735 3436 769 3491 Α.
788 3451 893 3508 p.u91.

429 3607 463 3708 §.
493 3619 576 3687 142.

172 3791 179 3804 =
249 3749 791 3818 Continuntim⁴

66 3903 209 3986 Ratione
231 3909 357 3987 hahita
382 3925 672 4012 argumentorum
689 3909 835 3982 illorum
860 3901 1052 4004 (§.141.),

11 4019 35 4070 tt
51 4010 186 4103 quidem
201 4015 362 4090 dubitari
381 4016 528 4113 nequit,
560 4017 720 4107 primum
741 4010 942 4084 doctrinam
965 4007 1053 4100 scri-
1131 4085 1137 4094 x

11 4123 99 4180 :orum
112 4111 148 4185 ss'.
165 4116 208 4190 de
228 4135 343 4192 morte
358 4116 436 4190 Iesu
451 4114 584 4190 Christi
607 4127 754 4217 peccata
776 4111 965 4184 hominum
987 4137 1055 4182 ex·
1107 4138 1110 4144 ¹

11 4221 81 4281 ante
96 4217 321 4315 opinionibus
337 4219 542 4320 aequalium
564 4217 694 4312 (Hebr.
715 4231 749 4310 9,
767 4213 847 4320 22.)
872 4212 995 4294 multis
1009 4211 1053 4288 de
